2654 4776
519 201 546 225 rr
613 207 624 221 a

496 232 541 263 l‘·

264 314 313 412 ὃ)
395 372 398 380 .
592 319 620 387 1.
656 306 743 386 “Ad
769 310 974 386 theonam.

261 490 522 617 'due'duplic'i
545 506 804 594 disseruimus,
832 515 932 584 inest
952 514 1067 584 tacita
1091 505 1317 602 concessio,

265 652 336 731 nos
352 642 457 729 illam
477 654 527 727 de
548 642 711 726 nurnero
730 670 975 752 squamarum
999 657 1184 724 senario
1212 652 1304 754 ejus·

262 780 627 903 ³qiie'bipartitione
657 799 824 866 ternaria
854 770 1081 892 opinionem
1099 789 1150 866 ¹in
1178 792 1290 871 Fure

266 934 366 1039 Agr.
378 928 588 1040 prolatant,
609 934 684 1038 jain
695 935 800 1008 ultro
813 933 1076 1035 dereliquisse.
1115 935 1290 1034 Squamtt
1314 968 1317 973 ·

268 1066 372 1152 enim
395 1074 644 1162 lodiculares,
657 1084 659 1089 '
672 1082 777 1176 ipsae
797 1080 876 1148 uua'
896 1101 984 1148 oum
1000 1073 1208 1150 vfilamontis
1230 1074 1285 1154 illd

267 1211 434 1321 analogis
464 1216 674 1319 tegendae,
712 1243 794 1290 non
823 1220 924 1288 inter
956 1221 1122 1316 tegmina
1154 1210 1282 1292 floralia

205 1402 209 1416 ·
267 1366 464 1435 numerari
487 1375 660 1463 possunt.
694 1354 817 1431 Nihil
849 1361 965 1457 igitur
989 1334 1165 1456 superest
1191 1383 1286 1458 quan

267 1516 313 1574 ut
333 1498 382 1605 de
404 1517 627 1600 argumento
651 1496 836 1597 quodam,
865 1522 943 1596 quo
966 1522 1175 1570 numerum
1198 1520 1288 1597 sque·

267 1665 418 1713 marum
452 1638 648 1712 floralium
675 1643 867 1712 senarium
900 1635 1112 1711 dissolvisse
1148 1636 1290 1738 quidam

266 1778 342 1852 sihi
372 1779 572 1863 videntur,
613 1779 775 1852 v'erbum
806 1778 1001 1851 faciamus.
1054 1778 1156 1853 Sunt
1186 1784 1325 1865 enim„

270 1923 350 2017 qui,
378 1944 525 1995 summo
546 1922 741 1994 Bnowulo
766 1936 991 2019 praeeunte,
1022 1920 1212 1994 valvulam
1232 1942 1313 2023 pev·

168 2108 170 2112 2
266 2058 427 2132 rianthii
455 2065 713 2160 superiorem,
752 2060 845 2132 licet
868 2063 909 2134 in
933 2066 1032 2134 serie
1058 2030 1289 2161 squamarum
1310 2110 1325 2151 ·,

266 2196 462 2275 floralium
492 2200 688 2274 liberrima
718 2206 911 2301 positione
938 2199 1107 2287 fruatur,
1146 2230 1167 2277 e
1193 2203 1284 2279 dut·
1309 2253 1315 2294 t

265 2337 352 2415 hus
378 2345 543 2443 squamis
569 2340 776 2416 conflatam
801 2364 879 2416 esse
898 2342 1155 2430 contendant,
1182 2343 1288 2431 unde,
1311 2396 1325 2439 1:

266 2486 298 2553 si
318 2459 508 2584 ejusmodi
531 2483 755 2583 conjectura
780 2483 1070 2585 comprobanda
1094 2504 1205 2572 esset,
1232 2512 1325 2564 mr.-

266 2649 395 2698 merus
428 2651 672 2724 squamarum
706 2651 796 2700 saue
832 2630 1068 2727 septenarius
1103 2626 1325 2719 obtinere-3

180 2798 185 2813 ,
268 2781 343 2840 tur.
384 2740 517 2842 ¹Nemo
548 2784 676 2840 autem
702 2773 791 2851 erit,
825 2770 912 2867 qui3
945 2765 1171 2841 dualitatem
1199 2764 1309 2849 illatus„¹

267 2906 400 2980 esolo
431 2933 633 2981 numero
666 2907 821 2980 binario
858 2902 1067 2980 neruorum
1109 2908 1293 2983 deducere

266 3047 367 3123 velle
393 3048 495 3122 idem
519 3045 763 3151 negotiare,
801 3060 845 3120 ac'
872 3054 903 3120 si
933 3056 1018 3150 quis
1044 3075 1065 3124 e
1094 3073 1292 3124 nervorum

266 3182 430 3277 numero
461 3196 629 3264 ternario
655 3204 721 3262 aut
746 3193 924 3288 quinario
948 3191 1122 3266 valvulae
1150 3188 1290 3265 inferio·

265 3303 320 3406 ris
348 3332 510 3406 totidem
537 3355 710 3433 squamas
734 3335 775 3404 in
800 3331 865 3403 illa
893 3332 1048 3406 coalitas
1081 3356 1162 3406 esse
1191 3356 1295 3432 argu·

265 3491 518 3548 mentaretur.
571 3471 685 3567 Quod
709 3497 801 3545 vero
827 3471 876 3544 ad
904 3476 1196 3574 positionem
1221 3497 1299 3546 ner·

265 3639 404 3688 vorum
432 3602 590 3688 illorum
614 3620 769 3708 attinet3
803 3640 956 3714 organa,
989 3631 1123 3687 centro
1148 3619 1325 3715 propio·¹

264 3783 321 3840 ra,
348 3754 517 3855 ideoque
540 3760 678 3828 sensim
705 3761 916 3839 teneriora,
945 3754 1195 3856 paucioribus
1222 3782 1301 3829 ner·

264 3884 322 3971 vis
347 3898 551 3999 'componh
591 3888 665 3996 jar'n
690 3920 804 3997 supra
831 3896 888 3997 (ς.
917 3901 953 3969 8.
971 3898 1028 3996 9.)
1058 3900 1297 3988 monuimus3

264 4024 625 4143 id'du'od'ralrulae
653 4042 862 4138 superioris
887 4037 1064 4138 exemplo
1090 4041 1142 4110 ita
1160 4037 1304 4137 confir*
