2654 4776
455 290 484 342 1.
530 268 602 343 Ad
627 268 833 346 ΊῚιιονίαω.
1121 284 1163 361 3·

138 380 158 565 tl
174 462 349 565 pogiumae
366 463 559 540 inferioris
581 467 731 544 deletae
755 498 845 545 oum
859 470 1074 579 perinthii
1091 471 1170 553 val·

166 604 221 691 ¹ula
240 603 422 678 inferiore
446 633 493 682 eo
515 615 655 683 certius
678 612 880 686 statuenda
899 633 968 700 est,
1000 642 1090 690 eum
1109 620 1169 721 ip·

159 746 290 819 millius
314 747 467 847 glumae
497 775 723 850 suppressae
752 760 912 826 materia
941 753 1166 857 vegetabilis

153 885 202 960 tuh
216 892 325 960 variis
346 889 593 993 epiphysium
610 909 649 964 et
664 918 862 966 armorum
878 894 1011 969 formis
1036 920 1057 970 e
1081 894 1164 971 val-

153 1026 214 1100 rula
237 1029 448 1127 perianthii
473 1058 676 1132 erumpere
701 1033 835 1107 soleat.
887 1036 1027 1112 Omnia
1057 1045 1163 1117 enim

148 1166 309 1266 ejusmodi
337 1197 502 1273 corpora
525 1177 734 1245 accessoria
755 1180 926 1273 partium
945 1201 1165 1280 suppressa·

138 1335 212 1381 rum
233 1316 538 1412 compeiisatoria
562 1309 741 1385 habenda
764 1339 855 1406 epse,
883 1313 1017 1414 jamin
1034 1317 1157 1393 Fmd.

138 1451 223 1548 Agr.
244 1477 285 1548 p.
306 1480 367 1551 27.
396 1452 484 1526 oos.
510 1458 744 1539 monuimus,
777 1473 892 1556 atque
919 1455 1018 1532 iufra
1044 1457 1155 1561 (Cap.

140 1592 208 1688 w.)
228 1588 339 1664 fusius
366 1591 414 1667 de
442 1594 515 1667 illis
546 1595 702 1695 singulis
736 1596 976 1672 tractabitur.
1036 1598 1160 1672 Num·
1222 1699 1225 1703 .

140 1752 238 1827 quam
266 1735 306 1803 in
345 1734 549 1834 generibus
585 1742 715 1837 typice
748 1737 923 1810 uuiiloris
956 1735 1157 1813 Vilvaoeo·
1235 1742 1240 1755 '

138 1896 208 1941 rum
232 1865 446 1972 primariis:
485 1877 679 1977 Knappia‚
716 1878 866 1977 Crypsi‚
899 1873 1012 1960 Vilia,
1043 1879 1160 1953 Pota·-

138 2009 309 2112 nophila‚
348 2033 415 2108 aut
439 2016 508 2116 pili
533 2017 693 2116 villique
718 2033 785 2093 aut
808 2034 909 2090 setae
933 2015 995 2089 vel
1017 2023 1155 2097 aristae

138 2159 387 2248 uenientum
428 2153 586 2229 durnin
616 2153 835 2228 multiiloris
860 2161 1013 2230 muricis
1042 2157 1155 2256 (nam

138 2313 257 2369 armata
279 2322 420 2396 genera
441 2302 764 2395 compensatorias
779 2315 905 2397 partes
927 2301 967 2370 in
988 2302 1078 2400 ipsis
1099 2323 1156 2371 ar

138 2439 205 2520 mis,
244 2439 453 2539 polygama
481 2442 707 2539 praesertim
740 2442 781 2509 in
819 2443 942 2523 aristis
979 2442 1055 2511 suis
1085 2463 1154 2539 ge·
1227 2449 1229 2456 ’

138 2579 223 2677 unt)
247 2603 430 2679 squamae
448 2573 674 2679 suppressae
698 2582 856 2650 materia
871 2576 942 2650 sub
965 2575 1152 2677 pilorum,

138 2715 298 2792 illorum
321 2712 388 2819 aut
413 2722 575 2792 tomenti
593 2715 750 2790 dorsalis
773 2714 895 2789 forma
916 2720 1150 2819 prorumpit.

138 2857 180 2929 iic
202 2883 240 2932 v.
263 2885 318 2958 gr.
343 2864 384 2933 iu
404 2861 505 2933 Poae
522 2858 723 2959 speciebus
741 2859 937 2961 plerisque
958 2861 1152 2957 eperian·
1239 2870 1243 2877 ’

138 2992 189 3069 liii
209 3000 383 3073 valvulae
408 2999 599 3074 inferioris
624 2998 704 3107 basi
726 2997 920 3101 filamenta
944 3000 1152 3107 tenerrima

138 3139 331 3235 prodeunt,
371 3146 551 3225 materia,
589 3166 704 3240 quam
740 3135 944 3220 exsudant,
990 3098 1152 3237 plastica

138 3298 162 3347 s.
184 3277 361 3377 glutinosa
386 3286 428 3355 in
454 3299 669 3355 tomentum
691 3278 957 3395 mollissimum
985 3252 1151 3378 compli-

138 3435 195 3492 ³ata
224 3448 259 3495 e.
292 3446 322 3494 s.
355 3448 394 3523 p.

473 3640 476 3645 ’
543 3650 605 3759 ,5.
641 3678 699 3738 aa.

201 3851 294 3922 Jam
315 3852 357 3920 in
382 3851 428 3918 iis
455 3850 546 3946 ipsis
565 3871 666 3946 quae
688 3868 802 3944 supra
822 3839 879 3942 (ς.
904 3842 960 3944 7.)
978 3838 1027 3915 de
1047 3834 1150 3915 lodi·-

138 3985 203 4077 rla,
236 4005 277 4064 et
299 4004 434 4089 postea
454 3984 502 4095 de
528 3982 637 4099 floris
662 3987 848 4087 graminei
871 3987 1037 4089 tegmine
1056 3979 1150 4059 ulie
