2654 4776
241 533 342 621 quae
372 520 626 628 mihimetipsi
659 526 876 599 accuratius
913 528 1132 603 examinare
1164 529 1287 602 conti-

240 666 315 766 gir,
343 667 586 768 reliquorum
613 685 763 752 autem,
794 690 893 769 quae
920 697 967 744 eo
993 670 1199 744 referenda
1225 688 1287 744 aut

239 785 420 883 sint'ant
451 811 588 883 saltem
625 808 852 892 videantur,
899 813 1060 885 nomina
1094 810 1285 911 adjiciam,

238 970 448 1050 propterca
474 971 537 1036 ut,
568 951 728 1025 exclusis
754 951 941 1036 barbaris,
970 979 1111 1054 genera
1137 954 1185 1025 ab
1213 949 1288 1028 ont·

238 1091 281 1166 ni
307 1092 433 1167 aliena
451 1092 641 1195 farragine
659 1095 801 1166 sensim
819 1113 1096 1195 expurgentur.
1123 1095 1289 1169 Patriam

238 1256 322 1309 non
347 1235 422 1308 nisi
448 1261 532 1308 eam
558 1234 759 1320 indicabo,
789 1263 907 1336 quam
931 1235 996 1319 iis,
1027 1261 1126 1335 quae
1152 1264 1286 1311 recen-

238 1393 387 1464 sentur,
417 1402 496 1452 esse
515 1382 758 1481 exploratum
773 1377 914 1452 babeo.
967 1378 1211 1479 Synonyma,
1241 1397 1290 1452 to·

236 1514 310 1590 ties
333 1536 509 1605 recocta,
546 1543 702 1623 praeter
727 1522 945 1618 Systematis
973 1519 1018 1592 V
1013 1519 1245 1618 agatadilium
1270 1546 1291 1589 a

239 1657 299 1728 cl'r
324 1658 414 1732 viris
440 1651 592 1734 ROEMEtt
614 1683 653 1737 et
675 1662 878 1735 SCHULTES
905 1659 1016 1745 editi,
1056 1659 1201 1733 codicis
1233 1660 1289 1730 lo·

240 1798 509 1899 supletissimi,
540 1806 734 1888 omittam,
763 1803 1022 1882 indicaturus,
1050 1801 1082 1872 si
1110 1826 1210 1900 quae
1237 1800 1292 1871 ibi

237 1960 466 2024 *occrrrrunt
491 1968 711 2047 synonyma
729 1944 835 2046 salsa,
863 1939 1065 2015 additurus
1083 1941 1162 2030 illa,
1192 1967 1294 2041 quae

233 2079 294 2151 ibi
320 2101 387 2155 aut
413 2084 550 2157 omissa
582 2085 693 2160 fuere
726 2105 793 2159 aut
823 2070 1038 2160 editoribus
1071 2101 1165 2156 tunc
1193 2100 1292 2155 tem*

237 2224 346 2322 poris
372 2216 549 2299 nondum
577 2227 849 2309 innotuerant,
890 2226 943 2298 ita
968 2243 1013 2297 ut
1038 2224 1215 2322 consulta
1238 2223 1289 2294 si-

172 2340 176 2351 *
236 2364 319 2436 'mul
351 2364 456 2436 Clavi·
470 2366 823 2468 Agrostograpbioe
847 2367 1067 2461 antiquioris
1090 2390 1177 2436 mea
1196 2363 1292 2479 (Co-

238 2503 346 2605 burgi
375 2512 483 2608 1822)
510 2509 784 2611 synonymiam
811 2506 1044 2609 completam
1069 2504 1226 2578 habeas.

338 2793 424 2895 Quo
451 2819 544 2866 vero
570 2789 732 2868 nomine
757 2793 924 2894 singulas
948 2793 1095 2894 species
1123 2792 1205 2894 ipse
1233 2788 1296 2862 di*

239 2913 381 3006 tendas
407 2932 662 3020 crediderim,
702 2963 752 3010 an
777 2961 913 3010 revera
938 2934 987 3008 sit
1011 2930 1192 3034 graminis
1218 2956 1294 3002 no·

236 3080 328 3147 me'n
354 3075 602 3176 primarium,
644 3093 779 3149 unum
807 3075 1084 3150 botanicorum
1113 3073 1299 3173 plausum

237 3211 409 3291 laturum
433 3220 484 3292 sit
506 3243 581 3292 nee
607 3243 675 3301 ne,
708 3243 849 3318 parum
875 3214 1051 3316 quidem,
1086 3211 1300 3310 si‘incepti

237 3352 356 3430 finem
395 3377 568 3458 spectas,
620 3356 768 3432 referre
813 3355 981 3431 videtur.
1056 3350 1296 3427 Difficillime

239 3497 345 3573 enim
377 3524 398 3572 e
432 3498 726 3573 definitionibus
761 3517 967 3573 auctorum
999 3493 1173 3569 obscuris
1206 3516 1296 3592 spe-

239 3638 317 3716 eies
348 3639 610 3732 extricantur3
655 3632 765 3715 unde
795 3638 910 3712 facile
943 3636 1029 3711 fieri
1058 3652 1211 3738 potest,
1251 3648 1301 3715 ut

238 3780 407 3882 speciei,
453 3780 501 3854 ab
535 3797 696 3856 auctore
730 3776 902 3880 quodam
936 3775 1096 3850 fortasse
1134 3770 1299 3848 nomine

238 3922 394 4026 jamjam
418 3939 596 4007 notatae,
637 3919 752 3994 aliam
782 3917 1144 3994 denominationem
1168 3913 1296 4014 impo-

237 4064 397 4151 mortu.
457 4063 540 4164 Ego
571 4085 692 4148 vero,
739 4058 782 4136 in
815 4055 1174 4169 dissertationibus,
1219 4051 1300 4128 boc
