<?xml version="1.0" encoding="UTF-8"?>
<!DOCTYPE html PUBLIC "-//W3C//DTD XHTML 1.0 Transitional//EN"
    "http://www.w3.org/TR/xhtml1/DTD/xhtml1-transitional.dtd">
<html xmlns="http://www.w3.org/1999/xhtml" xml:lang="en" lang="en">
 <head>
  <title>
</title>
<meta http-equiv="Content-Type" content="text/html;charset=utf-8" />
  <meta name='ocr-system' content='tesseract 3.04.00' />
  <meta name='ocr-capabilities' content='ocr_page ocr_carea ocr_par ocr_line ocrx_word'/>
</head>
<body>
  <div class='ocr_page' id='page_1' title='image "./degraminibusuni00tringoog_0023.png"; bbox 0 0 2550 4770; ppageno 0'>
   <div class='ocr_carea' id='block_1_1' title="bbox 331 282 1109 373">
    <p class='ocr_par' dir='ltr' id='par_1_1' title="bbox 331 282 1109 373">
     <span class='ocr_line' id='line_1_1' title="bbox 331 282 1109 373; baseline -0.009 0"><span class='ocrx_word' id='word_1_1' title='bbox 331 292 387 373; x_wconf 67' lang='lat' dir='ltr'><strong>uo</strong></span> <span class='ocrx_word' id='word_1_2' title='bbox 721 304 751 366; x_wconf 76' lang='lat' dir='ltr'><strong>l.</strong></span> <span class='ocrx_word' id='word_1_3' title='bbox 804 290 874 365; x_wconf 68' lang='lat' dir='ltr'><strong>Aa</strong></span> <span class='ocrx_word' id='word_1_4' title='bbox 901 282 1109 368; x_wconf 62' lang='lat' dir='ltr'><strong>moriam.</strong></span> 
     </span>
    </p>
   </div>
   <div class='ocr_carea' id='block_1_2' title="bbox 231 488 1275 2007">
    <p class='ocr_par' dir='ltr' id='par_1_2' title="bbox 231 488 1275 2007">
     <span class='ocr_line' id='line_1_2' title="bbox 333 488 1265 592; baseline -0.008 -21"><span class='ocrx_word' id='word_1_5' title='bbox 333 492 606 571; x_wconf 65' lang='lat' dir='ltr'><strong>candianum</strong></span> <span class='ocrx_word' id='word_1_6' title='bbox 630 515 711 564; x_wconf 86' lang='lat' dir='ltr'><strong>nou</strong></span> <span class='ocrx_word' id='word_1_7' title='bbox 737 493 957 592; x_wconf 79' lang='lat' dir='ltr'><strong>praeberet.</strong></span> <span class='ocrx_word' id='word_1_8' title='bbox 1008 492 1168 568; x_wconf 83' lang='lat' dir='ltr'><strong>Scilicet</strong></span> <span class='ocrx_word' id='word_1_9' title='bbox 1200 488 1265 564; x_wconf 81' lang='lat' dir='ltr'><strong>fac</strong></span> 
     </span>
     <span class='ocr_line' id='line_1_3' title="bbox 339 629 1274 735; baseline -0.002 -25"><span class='ocrx_word' id='word_1_10' title='bbox 339 637 448 713; x_wconf 87' lang='lat' dir='ltr'><strong>hunc</strong></span> <span class='ocrx_word' id='word_1_11' title='bbox 475 659 648 709; x_wconf 84' lang='lat' dir='ltr'><strong>errorem</strong></span> <span class='ocrx_word' id='word_1_12' title='bbox 669 629 804 707; x_wconf 86' lang='lat' dir='ltr'><strong>induci</strong></span> <span class='ocrx_word' id='word_1_13' title='bbox 822 648 1032 735; x_wconf 82' lang='lat' dir='ltr'><strong>possemus,</strong></span> <span class='ocrx_word' id='word_1_14' title='bbox 1059 652 1105 707; x_wconf 86' lang='lat' dir='ltr'><strong>ut</strong></span> <span class='ocrx_word' id='word_1_15' title='bbox 1128 630 1227 707; x_wconf 82' lang='lat' dir='ltr'><strong>haec</strong></span> <span class='ocrx_word' id='word_1_16' title='bbox 1256 659 1274 707; x_wconf 86' lang='lat' dir='ltr'><strong>s</strong></span> 
     </span>
     <span class='ocr_line' id='line_1_4' title="bbox 341 773 1267 880; baseline -0.004 -27"><span class='ocrx_word' id='word_1_17' title='bbox 341 797 404 853; x_wconf 85' lang='lat' dir='ltr'><strong>cta</strong></span> <span class='ocrx_word' id='word_1_18' title='bbox 429 776 557 880; x_wconf 76' lang='lat' dir='ltr'><strong>petala</strong></span> <span class='ocrx_word' id='word_1_19' title='bbox 572 773 729 874; x_wconf 86' lang='lat' dir='ltr'><strong>majoris</strong></span> <span class='ocrx_word' id='word_1_20' title='bbox 749 774 789 848; x_wconf 91' lang='lat' dir='ltr'><strong>in</strong></span> <span class='ocrx_word' id='word_1_21' title='bbox 811 773 1095 876; x_wconf 82' lang='lat' dir='ltr'><strong>organisatione</strong></span> <span class='ocrx_word' id='word_1_22' title='bbox 1113 774 1267 875; x_wconf 83' lang='lat' dir='ltr'><strong>gramin</strong></span> 
     </span>
     <span class='ocr_line' id='line_1_5' title="bbox 340 896 1269 1016; baseline -0.006 -22"><span class='ocrx_word' id='word_1_23' title='bbox 340 896 565 999; x_wconf 71' lang='lat' dir='ltr'><strong>animemus,</strong></span> <span class='ocrx_word' id='word_1_24' title='bbox 594 943 712 1016; x_wconf 87' lang='lat' dir='ltr'><strong>quarn</strong></span> <span class='ocrx_word' id='word_1_25' title='bbox 729 916 952 1016; x_wconf 77' lang='lat' dir='ltr'><strong>squamulae</strong></span> <span class='ocrx_word' id='word_1_26' title='bbox 977 939 1007 988; x_wconf 85' lang='lat' dir='ltr'><strong>s.</strong></span> <span class='ocrx_word' id='word_1_27' title='bbox 1034 913 1171 988; x_wconf 85' lang='lat' dir='ltr'><strong>foliola</strong></span> <span class='ocrx_word' id='word_1_28' title='bbox 1196 915 1269 988; x_wconf 86' lang='lat' dir='ltr'><strong>illa</strong></span> 
     </span>
     <span class='ocr_line' id='line_1_6' title="bbox 231 1055 1275 1158; baseline -0.005 -24"><span class='ocrx_word' id='word_1_29' title='bbox 231 1070 241 1091; x_wconf 83' lang='lat'><em>⁰</em></span> <span class='ocrx_word' id='word_1_30' title='bbox 340 1060 415 1134; x_wconf 86' lang='lat' dir='ltr'><strong>sim</strong></span> <span class='ocrx_word' id='word_1_31' title='bbox 440 1057 635 1134; x_wconf 82' lang='lat' dir='ltr'><strong>teneriora</strong></span> <span class='ocrx_word' id='word_1_32' title='bbox 660 1058 880 1158; x_wconf 84' lang='lat' dir='ltr'><strong>sensimque</strong></span> <span class='ocrx_word' id='word_1_33' title='bbox 903 1055 1193 1157; x_wconf 86' lang='lat' dir='ltr'><strong>epaucioribus</strong></span> <span class='ocrx_word' id='word_1_34' title='bbox 1211 1080 1275 1131; x_wconf 82' lang='lat' dir='ltr'><strong>va</strong></span> 
     </span>
     <span class='ocr_line' id='line_1_7' title="bbox 340 1168 1267 1298; baseline -0.003 -21"><span class='ocrx_word' id='word_1_35' title='bbox 340 1223 409 1287; x_wconf 73' lang='lat' dir='ltr'><strong>ve,</strong></span> <span class='ocrx_word' id='word_1_36' title='bbox 442 1219 487 1275; x_wconf 77' lang='lat' dir='ltr'><strong>uu</strong></span> <span class='ocrx_word' id='word_1_37' title='bbox 511 1198 696 1285; x_wconf 75' lang='lat' dir='ltr'><strong>audiunt,</strong></span> <span class='ocrx_word' id='word_1_38' title='bbox 734 1198 880 1298; x_wconf 82' lang='lat' dir='ltr'><strong>nervis)</strong></span> <span class='ocrx_word' id='word_1_39' title='bbox 905 1196 1127 1298; x_wconf 83' lang='lat' dir='ltr'><strong>composita</strong></span> <span class='ocrx_word' id='word_1_40' title='bbox 1151 1168 1267 1274; x_wconf 79' lang='lat' dir='ltr'><strong>mere</strong></span> 
     </span>
     <span class='ocr_line' id='line_1_8' title="bbox 343 1337 1275 1444; baseline -0.005 -28"><span class='ocrx_word' id='word_1_41' title='bbox 343 1362 513 1444; x_wconf 85' lang='lat' dir='ltr'><strong>qnorum</strong></span> <span class='ocrx_word' id='word_1_42' title='bbox 536 1360 675 1414; x_wconf 82' lang='lat' dir='ltr'><strong>natura</strong></span> <span class='ocrx_word' id='word_1_43' title='bbox 701 1339 742 1411; x_wconf 93' lang='lat' dir='ltr'><strong>in</strong></span> <span class='ocrx_word' id='word_1_44' title='bbox 769 1337 948 1412; x_wconf 87' lang='lat' dir='ltr'><strong>omnibus</strong></span> <span class='ocrx_word' id='word_1_45' title='bbox 981 1338 1148 1439; x_wconf 77' lang='lat' dir='ltr'><strong>&#39;squamis</strong></span> <span class='ocrx_word' id='word_1_46' title='bbox 1174 1365 1245 1440; x_wconf 81' lang='lat' dir='ltr'><strong>gra</strong></span> <span class='ocrx_word' id='word_1_47' title='bbox 1274 1390 1275 1396; x_wconf 20' lang='grc' dir='ltr'><strong><em>κ</em></strong></span> 
     </span>
     <span class='ocr_line' id='line_1_9' title="bbox 342 1479 1271 1582; baseline -0.003 -25"><span class='ocrx_word' id='word_1_48' title='bbox 342 1481 566 1567; x_wconf 69' lang='lat' dir='ltr'><strong>floralibus,</strong></span> <span class='ocrx_word' id='word_1_49' title='bbox 601 1511 623 1557; x_wconf 89' lang='lat' dir='ltr'><strong>a</strong></span> <span class='ocrx_word' id='word_1_50' title='bbox 648 1481 774 1582; x_wconf 89' lang='lat' dir='ltr'><strong>prima</strong></span> <span class='ocrx_word' id='word_1_51' title='bbox 799 1479 1123 1582; x_wconf 77' lang='lat' dir='ltr'><strong>tegminis&#39;exteri</strong></span> <span class='ocrx_word' id='word_1_52' title='bbox 1147 1480 1271 1554; x_wconf 80' lang='lat' dir='ltr'><strong>valvu</strong></span> 
     </span>
     <span class='ocr_line' id='line_1_10' title="bbox 343 1618 1272 1721; baseline -0.001 -24"><span class='ocrx_word' id='word_1_53' title='bbox 343 1624 445 1697; x_wconf 82' lang='lat' dir='ltr'><strong>diori</strong></span> <span class='ocrx_word' id='word_1_54' title='bbox 471 1618 520 1696; x_wconf 85' lang='lat' dir='ltr'><strong>ad</strong></span> <span class='ocrx_word' id='word_1_55' title='bbox 544 1624 738 1698; x_wconf 86' lang='lat' dir='ltr'><strong>filamenta</strong></span> <span class='ocrx_word' id='word_1_56' title='bbox 770 1621 978 1696; x_wconf 85' lang='lat' dir='ltr'><strong>tenerrima</strong></span> <span class='ocrx_word' id='word_1_57' title='bbox 1010 1635 1155 1721; x_wconf 84' lang='lat' dir='ltr'><strong>usque,</strong></span> <span class='ocrx_word' id='word_1_58' title='bbox 1191 1619 1272 1697; x_wconf 84' lang='lat' dir='ltr'><strong>ade</strong></span> 
     </span>
     <span class='ocr_line' id='line_1_11' title="bbox 343 1736 1274 1862; baseline -0.009 -22"><span class='ocrx_word' id='word_1_59' title='bbox 343 1756 434 1840; x_wconf 79' lang='lat' dir='ltr'><strong>(lem</strong></span> <span class='ocrx_word' id='word_1_60' title='bbox 457 1763 571 1850; x_wconf 85' lang='lat' dir='ltr'><strong>redit,</strong></span> <span class='ocrx_word' id='word_1_61' title='bbox 601 1783 647 1840; x_wconf 85' lang='lat' dir='ltr'><strong>nt</strong></span> <span class='ocrx_word' id='word_1_62' title='bbox 671 1764 712 1838; x_wconf 91' lang='lat' dir='ltr'><strong>in</strong></span> <span class='ocrx_word' id='word_1_63' title='bbox 738 1763 837 1838; x_wconf 88' lang='lat' dir='ltr'><strong>{lore</strong></span> <span class='ocrx_word' id='word_1_64' title='bbox 862 1736 1084 1862; x_wconf 77' lang='lat' dir='ltr'><strong>gramincO,</strong></span> <span class='ocrx_word' id='word_1_65' title='bbox 1099 1736 1209 1836; x_wconf 82' lang='lat' dir='ltr'><strong>mera</strong></span> <span class='ocrx_word' id='word_1_66' title='bbox 1234 1762 1274 1835; x_wconf 79' lang='lat' dir='ltr'><strong>f.</strong></span> 
     </span>
     <span class='ocr_line' id='line_1_12' title="bbox 335 1900 1271 2007; baseline -0.011 -27"><span class='ocrx_word' id='word_1_67' title='bbox 335 1912 431 1981; x_wconf 86' lang='lat' dir='ltr'><strong>&#39;rum</strong></span> <span class='ocrx_word' id='word_1_68' title='bbox 456 1905 554 1980; x_wconf 85' lang='lat' dir='ltr'><strong>serie</strong></span> <span class='ocrx_word' id='word_1_69' title='bbox 581 1905 814 2007; x_wconf 80' lang='lat' dir='ltr'><strong>composite,</strong></span> <span class='ocrx_word' id='word_1_70' title='bbox 842 1900 947 1976; x_wconf 87' lang='lat' dir='ltr'><strong>haud</strong></span> <span class='ocrx_word' id='word_1_71' title='bbox 973 1900 1111 2002; x_wconf 84' lang='lat' dir='ltr'><strong>majori</strong></span> <span class='ocrx_word' id='word_1_72' title='bbox 1134 1901 1223 2003; x_wconf 84' lang='lat' dir='ltr'><strong>jure</strong></span> <span class='ocrx_word' id='word_1_73' title='bbox 1262 1938 1271 1970; x_wconf 66' lang='grc' dir='ltr'>ι</span> 
     </span>
    </p>
   </div>
   <div class='ocr_carea' id='block_1_3' title="bbox 342 2043 1275 2147">
    <p class='ocr_par' dir='ltr' id='par_1_3' title="bbox 342 2043 1275 2147">
     <span class='ocr_line' id='line_1_13' title="bbox 342 2043 1275 2147; baseline -0.009 -26"><span class='ocrx_word' id='word_1_74' title='bbox 342 2046 442 2121; x_wconf 85' lang='lat' dir='ltr'><strong>rolla</strong></span> <span class='ocrx_word' id='word_1_75' title='bbox 475 2071 505 2119; x_wconf 88' lang='lat' dir='ltr'><strong>s.</strong></span> <span class='ocrx_word' id='word_1_76' title='bbox 541 2045 702 2147; x_wconf 72' lang='lat' dir='ltr'><strong>patalia,</strong></span> <span class='ocrx_word' id='word_1_77' title='bbox 748 2072 865 2146; x_wconf 89' lang='lat' dir='ltr'><strong>quam</strong></span> <span class='ocrx_word' id='word_1_78' title='bbox 897 2043 946 2120; x_wconf 87' lang='lat' dir='ltr'><strong>de</strong></span> <span class='ocrx_word' id='word_1_79' title='bbox 980 2044 1114 2144; x_wconf 79' lang='lat' dir='ltr'><strong>calyce</strong></span> <span class='ocrx_word' id='word_1_80' title='bbox 1150 2068 1275 2119; x_wconf 86' lang='lat' dir='ltr'><strong>serm</strong></span> 
     </span>
    </p>
   </div>
   <div class='ocr_carea' id='block_1_4' title="bbox 342 2730 1275 3262">
    <p class='ocr_par' dir='ltr' id='par_1_4' title="bbox 342 2730 1275 3262">
     <span class='ocr_line' id='line_1_14' title="bbox 342 2730 1245 2843; baseline -0.002 -12"><span class='ocrx_word' id='word_1_81' title='bbox 342 2730 477 2843; x_wconf 79' lang='lat' dir='ltr'><strong>liceat,</strong></span> <span class='ocrx_word' id='word_1_82' title='bbox 513 2777 558 2832; x_wconf 85' lang='lat' dir='ltr'><strong>ut</strong></span> <span class='ocrx_word' id='word_1_83' title='bbox 582 2778 761 2830; x_wconf 81' lang='lat' dir='ltr'><strong>vasorum</strong></span> <span class='ocrx_word' id='word_1_84' title='bbox 784 2753 958 2828; x_wconf 86' lang='lat' dir='ltr'><strong>fasciculi</strong></span> <span class='ocrx_word' id='word_1_85' title='bbox 985 2755 1245 2830; x_wconf 77' lang='lat' dir='ltr'><strong>excremitatib</strong></span> 
     </span>
     <span class='ocr_line' id='line_1_15' title="bbox 344 2894 1251 3002; baseline -0.001 -28"><span class='ocrx_word' id='word_1_86' title='bbox 344 2927 365 2974; x_wconf 83' lang='lat' dir='ltr'>e</span> <span class='ocrx_word' id='word_1_87' title='bbox 398 2898 619 3002; x_wconf 87' lang='lat' dir='ltr'><strong>pcdicello,</strong></span> <span class='ocrx_word' id='word_1_88' title='bbox 662 2916 741 2996; x_wconf 88' lang='lat' dir='ltr'><strong>quo</strong></span> <span class='ocrx_word' id='word_1_89' title='bbox 772 2894 934 2969; x_wconf 80' lang='lat' dir='ltr'><strong>coerciti</strong></span> <span class='ocrx_word' id='word_1_90' title='bbox 962 2895 1131 2980; x_wconf 83' lang='lat' dir='ltr'><strong>suerint,</strong></span> <span class='ocrx_word' id='word_1_91' title='bbox 1172 2896 1251 2973; x_wconf 81' lang='lat' dir='ltr'><strong>alte</strong></span> 
     </span>
     <span class='ocr_line' id='line_1_16' title="bbox 344 3035 1275 3140; baseline -0.004 -25"><span class='ocrx_word' id='word_1_92' title='bbox 344 3040 502 3124; x_wconf 80' lang='lat' dir='ltr'><strong>emersi,</strong></span> <span class='ocrx_word' id='word_1_93' title='bbox 531 3036 691 3138; x_wconf 80' lang='lat' dir='ltr'><strong>singuli,</strong></span> <span class='ocrx_word' id='word_1_94' title='bbox 725 3062 798 3137; x_wconf 88' lang='lat' dir='ltr'><strong>pro</strong></span> <span class='ocrx_word' id='word_1_95' title='bbox 825 3035 949 3137; x_wconf 81' lang='lat' dir='ltr'><strong>spatio</strong></span> <span class='ocrx_word' id='word_1_96' title='bbox 976 3035 1193 3109; x_wconf 76' lang='lat' dir='ltr'><strong>evolutioni</strong></span> <span class='ocrx_word' id='word_1_97' title='bbox 1218 3038 1275 3140; x_wconf 89' lang='lat' dir='ltr'><strong>ip</strong></span> 
     </span>
     <span class='ocr_line' id='line_1_17' title="bbox 343 3160 1261 3262; baseline 0.003 -12"><span class='ocrx_word' id='word_1_98' title='bbox 343 3160 542 3262; x_wconf 76' lang='lat' dir='ltr'><strong>concesso,</strong></span> <span class='ocrx_word' id='word_1_99' title='bbox 571 3175 898 3250; x_wconf 83' lang='lat' dir='ltr'><strong>foliolasormcnt</strong></span> <span class='ocrx_word' id='word_1_100' title='bbox 924 3204 970 3251; x_wconf 89' lang='lat' dir='ltr'><strong>eo</strong></span> <span class='ocrx_word' id='word_1_101' title='bbox 993 3177 1191 3251; x_wconf 84' lang='lat' dir='ltr'><strong>nobiliora</strong></span> <span class='ocrx_word' id='word_1_102' title='bbox 1217 3177 1261 3253; x_wconf 88' lang='lat' dir='ltr'><strong>h.</strong></span> 
     </span>
    </p>
   </div>
   <div class='ocr_carea' id='block_1_5' title="bbox 342 3290 1275 3423">
    <p class='ocr_par' dir='ltr' id='par_1_5' title="bbox 342 3290 1275 3423">
     <span class='ocr_line' id='line_1_18' title="bbox 342 3290 1275 3423; baseline -0.011 -26"><span class='ocrx_word' id='word_1_103' title='bbox 342 3319 460 3423; x_wconf 81' lang='lat' dir='ltr'><strong>magis</strong></span> <span class='ocrx_word' id='word_1_104' title='bbox 485 3319 534 3392; x_wconf 89' lang='lat' dir='ltr'><strong>ad</strong></span> <span class='ocrx_word' id='word_1_105' title='bbox 550 3308 890 3392; x_wconf 78' lang='lat' dir='ltr'><strong>fructificationem</strong></span> <span class='ocrx_word' id='word_1_106' title='bbox 911 3290 1106 3403; x_wconf 84' lang='lat' dir='ltr'><strong>facientia,</strong></span> <span class='ocrx_word' id='word_1_107' title='bbox 1136 3344 1215 3418; x_wconf 92' lang='lat' dir='ltr'><strong>qno</strong></span> <span class='ocrx_word' id='word_1_108' title='bbox 1230 3346 1275 3421; x_wconf 74' lang='lat' dir='ltr'><strong>Pl</strong></span> 
     </span>
    </p>
   </div>
   <div class='ocr_carea' id='block_1_6' title="bbox 341 3454 1275 3840">
    <p class='ocr_par' dir='ltr' id='par_1_6' title="bbox 341 3454 1275 3840">
     <span class='ocr_line' id='line_1_19' title="bbox 341 3454 1268 3563; baseline 0.001 -30"><span class='ocrx_word' id='word_1_109' title='bbox 341 3457 426 3563; x_wconf 88' lang='lat' dir='ltr'><strong>ipsa</strong></span> <span class='ocrx_word' id='word_1_110' title='bbox 450 3454 678 3534; x_wconf 79' lang='lat' dir='ltr'><strong>fasciculum</strong></span> <span class='ocrx_word' id='word_1_111' title='bbox 694 3480 875 3532; x_wconf 84' lang='lat' dir='ltr'><strong>vasorum</strong></span> <span class='ocrx_word' id='word_1_112' title='bbox 895 3454 1139 3546; x_wconf 76' lang='lat' dir='ltr'><strong>canu-alium,</strong></span> <span class='ocrx_word' id='word_1_113' title='bbox 1169 3487 1190 3534; x_wconf 87' lang='lat' dir='ltr'><strong>e</strong></span> <span class='ocrx_word' id='word_1_114' title='bbox 1211 3482 1268 3562; x_wconf 86' lang='lat' dir='ltr'><strong>qu</strong></span> 
     </span>
     <span class='ocr_line' id='line_1_20' title="bbox 343 3594 1274 3704; baseline -0.005 -30"><span class='ocrx_word' id='word_1_115' title='bbox 343 3608 427 3676; x_wconf 74' lang='lat' dir='ltr'><strong>clus</strong></span> <span class='ocrx_word' id='word_1_116' title='bbox 452 3598 597 3704; x_wconf 83' lang='lat' dir='ltr'><strong>prodit,</strong></span> <span class='ocrx_word' id='word_1_117' title='bbox 629 3594 886 3672; x_wconf 77' lang='lat' dir='ltr'><strong>circumdant.</strong></span> <span class='ocrx_word' id='word_1_118' title='bbox 939 3596 1002 3672; x_wconf 87' lang='lat' dir='ltr'><strong>Sic</strong></span> <span class='ocrx_word' id='word_1_119' title='bbox 1028 3620 1116 3672; x_wconf 79' lang='lat' dir='ltr'><strong>vasa</strong></span> <span class='ocrx_word' id='word_1_120' title='bbox 1142 3619 1274 3674; x_wconf 86' lang='lat' dir='ltr'><strong>centr</strong></span> 
     </span>
     <span class='ocr_line' id='line_1_21' title="bbox 342 3738 1275 3840; baseline -0.004 -26"><span class='ocrx_word' id='word_1_121' title='bbox 342 3738 444 3816; x_wconf 79' lang='lat' dir='ltr'><strong>xima</strong></span> <span class='ocrx_word' id='word_1_122' title='bbox 468 3739 510 3819; x_wconf 80' lang='lat' dir='ltr'><strong>i&#39;n</strong></span> <span class='ocrx_word' id='word_1_123' title='bbox 530 3740 739 3814; x_wconf 85' lang='lat' dir='ltr'><strong>Filamenta</strong></span> <span class='ocrx_word' id='word_1_124' title='bbox 764 3738 926 3822; x_wconf 86' lang='lat' dir='ltr'><strong>abeunt,</strong></span> <span class='ocrx_word' id='word_1_125' title='bbox 954 3739 1087 3840; x_wconf 88' lang='lat' dir='ltr'><strong>paullo</strong></span> <span class='ocrx_word' id='word_1_126' title='bbox 1114 3741 1275 3814; x_wconf 77' lang='lat' dir='ltr'><strong>remoti·</strong></span> 
     </span>
    </p>
   </div>
   <div class='ocr_carea' id='block_1_7' title="bbox 236 3880 1275 4123">
    <p class='ocr_par' dir='ltr' id='par_1_7' title="bbox 236 3880 1275 4123">
     <span class='ocr_line' id='line_1_22' title="bbox 342 3880 1275 3983; baseline -0.01 -25"><span class='ocrx_word' id='word_1_127' title='bbox 342 3882 565 3979; x_wconf 70' lang='lat' dir='ltr'><strong>Squamalas</strong></span> <span class='ocrx_word' id='word_1_128' title='bbox 583 3900 733 3955; x_wconf 84' lang='lat' dir='ltr'><strong>teneras</strong></span> <span class='ocrx_word' id='word_1_129' title='bbox 742 3880 954 3972; x_wconf 81' lang='lat' dir='ltr'><strong>filomentis</strong></span> <span class='ocrx_word' id='word_1_130' title='bbox 979 3880 1162 3981; x_wconf 80' lang='lat' dir='ltr'><strong>anologos</strong></span> <span class='ocrx_word' id='word_1_131' title='bbox 1188 3883 1275 3983; x_wconf 88' lang='lat' dir='ltr'><strong>(qu</strong></span> 
     </span>
     <span class='ocr_line' id='line_1_23' title="bbox 236 4017 1263 4123; baseline 0 -23"><span class='ocrx_word' id='word_1_132' title='bbox 236 4047 241 4059; x_wconf 86' lang='grc'><em>·</em></span> <span class='ocrx_word' id='word_1_133' title='bbox 345 4042 423 4123; x_wconf 62' lang='lat' dir='ltr'><strong>tsine</strong></span> <span class='ocrx_word' id='word_1_134' title='bbox 451 4020 530 4100; x_wconf 69' lang='lat' dir='ltr'><strong>sive</strong></span> <span class='ocrx_word' id='word_1_135' title='bbox 559 4020 803 4109; x_wconf 72' lang='lat' dir='ltr'><strong>Nestorium,</strong></span> <span class='ocrx_word' id='word_1_136' title='bbox 843 4017 1091 4106; x_wconf 88' lang='lat' dir='ltr'><strong>Lodiculam,</strong></span> <span class='ocrx_word' id='word_1_137' title='bbox 1130 4023 1263 4100; x_wconf 86' lang='lat' dir='ltr'><strong>Petala</strong></span> 
     </span>
    </p>
   </div>
   <div class='ocr_carea' id='block_1_8' title="bbox 0 0 1283 4770">
    <p class='ocr_par' dir='ltr' id='par_1_8' title="bbox 0 0 1283 4770">
     <span class='ocr_line' id='line_1_24' title="bbox 0 0 1283 4770; baseline 0 0"><span class='ocrx_word' id='word_1_138' title='bbox 0 0 1283 4770; x_wconf 95' lang='lat' dir='ltr'><strong> </strong></span> 
     </span>
    </p>
   </div>
  </div>
 </body>
</html>
