2654 4776
191 318 237 390 72
457 313 516 369 111.
563 289 632 364 Ad
655 290 957 389 Dispositionem.

191 504 441 581 structarum,
477 488 716 591 gradationes
743 508 781 564 et
804 490 1112 567 modificationes
1137 522 1140 592 j

192 628 340 713 lustret.
398 635 534 733 Itaque
565 631 771 734 principii,
809 649 886 707 tem
916 637 1026 734 regni
1058 638 1140 708 unii

193 797 309 869 quam
341 773 648 872 provinciarum,
689 771 991 878 modificationes
1026 776 1140 876 ipsas,

97 958 104 970 ·
190 937 263 1011 pro
298 915 436 988 talibus
468 914 621 1016 agnosci
654 932 900 998 mereantur,
946 913 1126 988 distincte

190 1077 348 1151 pressas,
376 1073 505 1158 atque,
533 1075 576 1128 ut
592 1054 723 1127 formis
748 1054 998 1129 ulterioribus
1024 1066 1071 1128 ex
1097 1056 1137 1126 iis

190 1191 357 1269 risendis
395 1221 496 1268 novo
532 1221 610 1295 pro.
638 1220 677 1272 se
713 1194 866 1293 quaevis
904 1193 1100 1297 principio
1132 1222 1140 1267 ε

191 1349 295 1406 certe
322 1333 494 1408 definitas
519 1362 592 1409 nec
618 1333 811 1434 ambiguas
838 1357 916 1406 esse
943 1351 1110 1434 oportet.

189 1497 323 1545 namus
348 1475 482 1576 igitur,
523 1476 594 1548 cel.
621 1462 833 1548 A‘uctore'm
863 1465 1090 1546 methodum
1117 1499 1140 1545 si

190 1613 503 1712 tupelstruxisse:
532 1634 612 1688 aut
635 1613 1009 1706 lissomesoentiami
1041 1640 1074 1686 e.
1101 1641 1140 1714 po

189 1777 297 1878 mus,
343 1753 454 1828 illum
490 1754 700 1828 formatum
739 1752 911 1826 omnium
944 1752 1140 1855 graminear

189 1872 426 1994 principium
443 1870 790 2005 protoplasticum
781 1923 821 1967 m
838 1891 1140 1969 1nss0rescent1a‹

191 2034 456 2136 quaerendum
488 2035 776 2135 recognovisse,
820 2008 1024 2133 ipsamque
1067 2031 1140 2106 infit

189 2176 375 2248 scentiam
391 2176 466 2249 rite
488 2175 575 2256 dist
550 2174 671 2276 tingui
690 2177 729 2252 in
749 2174 902 2274 Spicam
928 2191 967 2247 et
981 2171 1140 2245 Panicut

90 2321 91 2324 ’
190 2331 272 2413 tum
304 2315 418 2397 aliam
451 2314 666 2425 graminum
692 2315 844 2419 turbam
868 2314 1073 2416 spicuam,
1112 2311 1140 2383 al

188 2455 460 2555 panicularum,
489 2483 617 2556 neque
639 2483 733 2529 vero.
756 2455 906 2534 tertiam
925 2455 1099 2554 insuper,
1125 2477 1140 2550 q

188 2610 224 2668 et
247 2561 488 2702 pennulam,
527 2607 563 2666 et
587 2596 731 2696 spicata
766 2587 843 2670 esse
876 2594 1018 2702 possit,
1061 2608 1140 2664 stati

188 2737 334 2816 licebit.
387 2739 522 2834 Itaque
542 2762 629 2836 pars
654 2736 868 2836 graminum
893 2735 1086 2833 (Panioea
1114 2758 1140 2801 a«

187 2879 363 2977 alioquin
390 2905 410 2949 e
435 2877 614 2950 sectionis
640 2874 861 2950 charactere
891 2902 912 2946 a
938 2873 1122 2975 Stipaeeis

189 3017 382 3119 jungenda
394 3071 405 3103 ,.
436 3035 474 3091 et
498 3013 746 3115 Saccharina)
777 3015 1030 3096 fundamento
1062 3041 1140 3086 com

188 3160 230 3237 ui
245 3124 393 3231 carent:
421 3200 468 3214 -
492 3159 584 3231 Aut
607 3155 832 3227 substantiae
847 3181 1101 3252 squamarum,
1123 3179 1140 3252 q

188 3300 250 3371 vel
272 3325 315 3370 ea
344 3316 416 3379 est,
451 3288 497 3370 ut⁸
518 3296 732 3398 glumaruni
757 3280 1076 3394 valvularumque
1103 3318 1140 3365 ca

189 3438 325 3512 atentia
359 3437 548 3536 aequalis,
588 3438 649 3509 vel
674 3454 718 3511 ut
742 3437 918 3538 priorum
942 3436 1004 3508 ve]
1029 3453 1075 3506 ut
1100 3459 1140 3533 p(

188 3573 337 3649 riorum
362 3573 510 3646 firmior
535 3576 601 3667 sit3
638 3594 720 3648 tum
744 3577 967 3660 Hordeum,
996 3573 1106 3672 cujus
1132 3600 1140 3642 a

188 3717 333 3817 speeies
361 3715 503 3814 glumas
530 3733 679 3795 teneras
704 3744 752 3799 ac,
773 3716 1104 3805 membranaceas,
1133 3742 1140 3783 ι

189 3856 341 3935 easdem
362 3853 475 3927 duras
502 3873 540 3928 et
561 3856 822 3957 caitilagineas
846 3857 1004 3940 habent,
1022 3856 1140 3953 'solun

189 4019 265 4077 tam
290 3993 516 4079 methodum
543 3998 697 4079 evertit:
726 4040 774 4084 ·.·
798 3999 888 4081 Aut
912 3997 1139 4077 cannationi
