2654 4776
1094 338 1116 416 5

10 519 27 621 ἦ
64 526 248 630 positioni
274 527 562 616 substruendis‚
594 556 668 604 nec
696 530 744 607 de
771 533 945 606 terminis
972 506 1114 633 quibus

10 658 26 771 ‘i
64 688 145 744 utar
170 691 330 743 necesse
358 689 430 760 est,
458 670 530 745 rel.
557 671 622 772 αρ’
641 672 806 771 poterit3
835 669 928 746 huic
954 672 1115 746 iconum

10 794 23 838 ³⁴
69 809 287 884 collectioni
319 838 391 910 per
422 812 607 913 temporis
638 812 842 887 intervalla
879 798 1122 888 Disserta?

71 951 209 1024 tiones
237 951 491 1052 interponere
514 953 712 1037 constitui,
741 954 811 1028 ubi
830 953 1024 1055 generalia
1047 952 1114 1028 illa
1223 1040 1227 1052 f

77 1093 340 1193 suppleantur,
386 1094 436 1168 de
469 1122 611 1196 genere
647 1095 876 1179 disseratur,
916 1095 1113 1197 principia

73 1232 321 1333 explicentur,
362 1236 509 1336 species
536 1236 791 1312 delineandae
821 1264 865 1309 ao
893 1234 1115 1311 describen-

12 1350 26 1413 't
70 1368 133 1446 dae
159 1375 262 1475 ipsae
288 1397 564 1475 recenseantur
598 1406 642 1453 ac
669 1377 924 1462 deliniantur,
963 1380 1034 1462 ita.
1067 1395 1113 1456 ut

72 1513 221 1590 cuilibet
245 1517 395 1618 perita,
425 1518 473 1593 de
500 1517 671 1602 theoria,
702 1519 970 1621 dispositione,
998 1545 1112 1619 gene

10 1600 21 1677 i
77 1674 125 1738 te,
149 1660 284 1758 specie,
313 1660 473 1733 nomine
494 1662 565 1734 rel.
586 1660 955 1761 publice'judicium
979 1657 1110 1733 seren·
1211 1650 1215 1655 ¹

71 1785 116 1878 di,
142 1794 258 1872 dubia
284 1800 479 1885 movendi,-
511 1827 662 1876 errores
689 1798 944 1883 emendandi,
974 1800 1112 1874 obser·

10 1940 12 1951 '
67 1935 227 2013 rationes
246 1940 456 2040 adjiciendi
479 1968 570 2016 ansa
588 1941 835 2042 praebeatur,
865 1939 1012 2039 talique
1029 1967 1108 2015 mo·

65 2074 121 2163 do,
150 2107 210 2165 eo,
240 2109 319 2201 qup
347 2109 479 2156 omnes
503 2081 753 2166 intendimus,
782 2080 830 2153 ad
848 2107 1035 2181 generum
1052 2080 1109 2163 iu·

63 2246 170 2317 quam
195 2201 494 2324 specierumque
522 2221 678 2298 tandem
700 2219 911 2323 aliquando
932 2220 1006 2328 rite
1029 2239 1105 2299 sta·

28 2346 32 2353 ⁴
68 2352 204 2436 bilitam
231 2364 525 2464 dispositionem
556 2364 828 2466 perveniatur,
867 2387 987 2463 quae,
1022 2390 1106 2439 non

59 2528 123 2602 pro
152 2532 243 2580 meo
280 2497 359 2579 sive
396 2505 511 2579 unius
545 2504 714 2579 hominis
752 2528 871 2605 opere
908 2500 1104 2592 habenda„
1172 2604 1178 2610 ι

56 2646 226 2718 omnium
252 2647 401 2747 potius,
432 2647 500 2748 qui
527 2673 573 2720 eo
600 2646 783 2729 fecerint,
812 2642 988 2717 uirorum
1014 2671 1106 2717 eru-

53 2783 221 2861 ditorum
248 2813 345 2889 opus
367 2814 576 2861 commune
595 2786 673 2860 dici
691 2784 830 2887 possit;
859 2783 1007 2886 quippe
1027 2811 1104 2886 qua

50 2929 124 3000 sola
155 2929 312 3004 ratione
348 2927 549 3002 scientiam
583 2925 632 3001 de
659 2924 799 3027 singuli
824 2922 1017 2999 industria
1040 2926 1100 3001 lu·

54 3097 154 3144 crum
180 3097 360 3174 perenne
390 3070 517 3144 facere
550 3094 663 3170 posse
695 3093 850 3141 cense0.
903 3066 1103 3167 Monopo·

51 3207 170 3284 larum
187 3214 296 3288 enim
314 3210 354 3283 in
375 3206 536 3285 scientia
554 3199 722 3307 naturali
748 3205 967 3309 arrogantia
992 3207 1102 3285 nulls

54 3373 230 3454 umquam
257 3352 482 3429 damnosior
507 3353 594 3427 fuit.-

136 3637 387 3738 Quamquam
419 3638 537 3741 igitur
568 3637 608 3711 in
640 3632 798 3735 singulis
823 3627 932 3704 hisce
956 3627 1101 3708 disser÷

40 3776 254 3852 tationibus
295 3779 467 3882 integrae
503 3779 722 3882 graminum
761 3773 882 3850 trihus
916 3799 1098 3849 recenso⁴

40 3913 206 4014 buntur3
241 3939 371 3994 tamen
391 3949 464 3995 nec
483 3947 670 4023 generum
691 3944 765 3991 nec
782 3913 1011 4018 ,specierum
1031 3910 1098 4027 des·

47 4052 235 4137 luitiones
262 4060 497 4139 exhibendas
523 4060 619 4138 mihi
643 4087 815 4152 sumamt
847 4052 1097 4163 'nisissomss

863 4223 877 4271 1

361 4288 368 4315 l
