2654 4776
383 349 441 401 111.
489 324 558 397 Ad
581 326 883 423 Dispositiouem.
1103 329 1152 425 69

127 545 175 595 ou
206 545 305 596 esse
331 522 506 606 videtur.
534 550 604 597 cur
628 525 798 623 gramina
823 525 995 607 loliacea‚
1025 524 1152 627 typhi-

127 690 157 742 ι,
187 662 525 762 alopecuroidea‚
554 665 728 764 pannea,
756 691 945 738 avenacea
970 669 1147 748 Louutn,

127 829 175 907 pso
210 805 387 876 nomine
418 803 622 903 imaginem
654 829 761 878 suam
791 805 903 878 nobis
935 806 1146 893 offerentia,

127 970 177 1037 pn
205 962 249 1017 et
275 942 400 1016 hodie
425 943 649 1018 sanciamus.
718 945 764 1016 Id
790 964 918 1019 autem
942 963 1149 1045 propterea

127 1108 184 1163 nou
202 1083 396 1184 iniquum
418 1082 542 1158 videri
565 1102 704 1183 posset,
735 1085 841 1186 quod
868 1104 989 1160 certas
1008 1085 1147 1157 formas
1207 1093 1209 1100 '

127 1239 306 1321 mennas,
347 1243 475 1297 certae
509 1221 652 1305 florum
677 1225 958 1324 ,organisationi
986 1251 1145 1326 respou-

127 1358 218 1446 tere,
258 1362 363 1445 sive,
400 1360 508 1461 quod
529 1360 630 1458 hanc
656 1342 978 1462 organisdtioncm
1001 1365 1147 1439 formae

127 1496 209 1574 ttius
239 1519 425 1575 externae
454 1519 695 1575 momentum
725 1504 952 1603 primarium
977 1529 1056 1579 esse
1083 1531 1147 1580 ex-

128 1638 305 1739 ploratum
331 1638 553 1735 habeamus,
604 1642 702 1714 Cum
726 1641 858 1743 itaque
884 1643 933 1717 de
958 1645 1060 1730 aliis,
1089 1646 1149 1719 iis·

128 1802 190 1879 φο
208 1780 410 1882 plurimis,
446 1779 680 1882 graminibus
711 1780 874 1879 dubium
905 1784 1059 1858 nullum
1083 1785 1144 1869 sit.

129 1921 224 2017 quin,
274 1920 568 1995 constructione
605 1921 732 1994 ssorali
768 1949 891 2021 aeque
929 1949 972 1995 ac
1010 1921 1147 1996 habitu

128 2061 395 2146 mevanientia
424 2060 493 2133 sub
521 2063 653 2164 typica
677 2061 842 2162 quadam
868 2063 1031 2162 imagine
1057 2088 1145 2135 con·

128 2195 187 2301 cipi
204 2202 378 2305 possint;
406 2201 570 2276 aliorum
590 2228 760 2302 quoque,
788 2221 854 2287 aut
877 2203 975 2275 nulli
1000 2202 1145 2276 formae

133 2343 269 2447 prinde
302 2342 616 2444 circumscriptae
647 2342 856 2416 etiamnum
886 2341 1143 2442 subjugando-

128 2470 189 2579 ’μω
217 2501 290 2557 aut
323 2481 455 2581 aliquo
485 2483 617 2580 saltem
647 2481 764 2561 modo
787 2481 837 2577 'ab
864 2480 929 2552 illa
954 2481 1144 2555 abluden-

128 2613 216 2713 fium,
260 2640 332 2695 aut
360 2596 552 2699 affinitatis
584 2624 774 2697 rationem
799 2640 865 2693 aut
888 2640 1144 2722 prototypum
1229 2615 1232 2619 ⁸

128 2762 322 2837 annalem
346 2761 471 2862 ipsum
496 2763 672 2837 inveniri·
686 2789 817 2863 posse,
850 2790 930 2859 non
956 2763 1145 2834 absonum

128 2895 256 2976 t'detur
283 2901 515 2975 existimare.
575 2903 650 2998 Qui
680 2902 835 2975 tandem
860 2901 1041 2982 Gramina
1067 2900 1144 2973 dis-

129 3042 278 3133 tuendi
305 3039 464 3125 modus,
494 3042 667 3125 omnino,
695 3043 727 3114 si
751 3068 935 3140 umquam
959 3043 1143 3115 succede·

129 3194 179 3267 tet,
214 3200 386 3257 naturae
410 3206 492 3253 non
516 3181 642 3255 minus
670 3208 785 3280 quam
810 3180 1047 3281 compendiis
1073 3209 1143 3282 ap-

129 3312 282 3405 Rtimum
328 3341 526 3421 tamquam
557 3324 713 3396 ultimus
746 3319 868 3394 omnis
894 3325 1141 3422 Agrostogra-

129 3453 208 3541 tiae
236 3463 332 3539 finis
359 3464 462 3540 ultro
489 3489 571 3539 sese
596 3462 897 3538 commendaret.

514 3701 591 3823 s·

176 3888 319 3992 Cujus
355 3903 432 3960 tam
465 3885 702 3987 expetendae
740 3885 913 3958 methodi
950 3874 1146 3961 tentamen

129 4036 265 4113 nuum
305 4024 486 4104 exhibuit
517 4026 667 4100 Parisiis
703 4027 775 4101 cel.
810 4029 955 4100 KuuTu
990 4024 1143 4124 (1815),
