2550 4770
314 300 319 311 “
371 323 400 376 1.
452 302 524 376 Ad
545 301 752 378 sturiam.
1045 308 1088 380 15

26 502 110 575 bus
128 523 195 575 seu
219 496 514 586 evolutioribus‚
544 529 623 602 quo
648 503 854 606 propiores
872 504 995 580 factae
1011 504 1090 582 sint

27 665 176 719 centro
204 645 359 744 (utpote
386 643 494 742 quod
519 646 645 717 solum
661 645 905 720 fructiferum
924 650 1011 749 est),
1040 672 1088 723 eo

22 785 157 887 magis
184 785 224 858 vi
253 784 488 884 vegetativos
520 785 673 859 rudiori
702 812 784 860 sese
814 787 1086 872 subducturas,

30 925 204 1025 ejusque
228 943 337 998 notas
363 924 604 1026 deposituros
630 953 723 1001 esset
751 929 888 1029 ltaque
912 947 950 1004 et
972 926 1087 1015 folio·

35 1067 125 1138 lum
150 1064 328 1164 quodvis,
359 1091 438 1164 quo
458 1066 620 1167 propius
642 1087 777 1144 centro
803 1070 975 1171 positum
1002 1068 1086 1144 fue·

35 1206 109 1290 rit,
152 1232 199 1280 eo
225 1206 580 1291 tenerius-evadet,
615 1226 732 1309 atque
756 1210 894 1283 ultima
920 1229 959 1284 et
982 1233 1087 1285 sum·

35 1372 100 1418 ma
125 1345 260 1418 foliola
285 1345 545 1448 potissimum,
581 1349 681 1421 nulli
711 1376 869 1451 prorsus
895 1348 1089 1425 vicissitu-

36 1485 122 1559 dini
155 1487 393 1587 vegetativae
423 1487 586 1588 amplius
617 1488 805 1574 obnoxia,
844 1491 922 1562 imo
949 1508 1088 1564 natur!

37 1627 316 1729 reproduotiva
340 1628 422 1729 ipsa
456 1626 553 1703 adeo
582 1629 757 1731 praedita
789 1648 827 1704 et
861 1629 969 1731 quasi
996 1655 1089 1731 per-

38 1768 160 1842 tincta
179 1767 442 1855 invenientur,
470 1789 532 1854 ut,
559 1769 889 1871 metamorphosin
915 1794 1024 1870 passa
1049 1789 1090 1846 et

34 1909 326 1983 filamentorum
358 1909 483 2000 forma
514 1935 672 2012 prorsus
703 1938 804 1984 nova
830 1909 986 2022 induta,
1025 1876 1117 1984 713²?

33 2052 116 2153 jam
132 2079 207 2152 pro
224 2051 368 2126 foliolis
387 2051 552 2152 amplius
576 2050 712 2123 baberi
731 2076 842 2151 posse
865 2049 1085 2124 videantur·

32 2222 88 2249 ··-
105 2192 214 2289 Quae
233 2188 391 2290 quidem
410 2191 701 2279 nobilitatiout
717 2189 757 2263 in
778 2190 970 2265 Graminis
988 2189 1087 2264 ssore

39 2331 128 2403 fieri
153 2331 292 2432 possit,
319 2333 400 2405 sola
425 2332 629 2407 alternatio
654 2348 859 2406 causaest.
912 2332 1088 2428 Quanto-

38 2497 210 2572 cumque
227 2471 436 2572 igitur,ut
459 2473 560 2546 infra
586 2473 767 2556 elucebit,
796 2472 880 2572 jure
906 2485 1088 2570 'squamae

34 2610 195 2688 florales
206 2639 278 2712 per
287 2617 400 2710 paria
416 2615 613 2688 numerari
630 2614 800 2716 possint;
830 2630 957 2685 tamen
979 2639 1089 2690 num·

35 2778 157 2854 quam
171 2753 426 2854 negligendae
449 2772 565 2828 erunt
580 2781 713 2828 earum
737 2752 976 2827 differentiae
1002 2782 1089 2856 gra·

34 2893 191 2979 dariae,
221 2920 321 2994 quae
347 2921 393 2968 ex
417 2893 674 2968 alternatione
700 2893 915 2969 necessario
934 2914 1090 2997 progre-

39 3033 216 3109 diuntur.
275 3035 323 3107 In
351 3035 507 3108 summis
542 3053 735 3118 tantum,r
757 3035 932 3108 orarium
961 3034 1089 3136 ipsum

36 3173 271 3274 stipantibus
292 3173 373 3247 sive
390 3151 568 3251 centrum
585 3175 845 3248 ambientibus
871 3174 1088 3276 eodemque
1112 3168 1115 3173 Α
1145 3156 1148 3163 ⁴

39 3340 120 3386 una
145 3344 307 3393 munere
329 3317 579 3418 fungentibus
606 3316 757 3417 organis
775 3341 857 3388 non
882 3314 1008 3388 solum
1032 3317 1089 3390 al-

35 3458 269 3533 ternationis
288 3457 623 3562 perpendicularis
641 3457 723 3531 fere
742 3483 857 3537 omne
871 3431 1091 3557 vestigium‚J

31 3595 107 3671 sed
132 3597 368 3675 substantiae
401 3625 560 3700 quoque
591 3596 808 3672 differentia
838 3595 891 3670 ita
921 3593 1088 3682 deletur,

31 3755 100 3823 ut,
132 3738 165 3813 si
190 3737 240 3813 de
265 3740 436 3842 partium
460 3765 626 3813 numero
649 3763 832 3838 quaeras,
868 3735 910 3812 in
937 3735 996 3816 his
1021 3747 1091 3816 ter·

33 3883 167 3956 narius
189 3879 321 3980 potius
348 3878 526 3956 obtinere
548 3877 739 3956 videatur.
841 3967 844 3972 Ι

757 4090 761 4101 ,
824 4066 832 4095 1
