2654 4776
363 341 408 400 11.
459 324 530 399 Ad
561 322 884 423 Terminologiom,
1100 329 1146 419 47

214 523 320 598 latos
351 522 570 599 alternatim
605 540 828 616 exserente3
867 521 936 596 ubi
970 518 1148 601 solubilis

219 683 299 750 est,
333 691 449 766 supro
463 668 609 758 florem
634 664 789 739 articuli
815 662 982 764 cujusvis
1007 661 1147 764 fragili,
1182 738 1184 743 ,

153 809 190 905 3)
215 807 492 882 Paniculae:
520 810 600 893 oxi,
629 806 781 880 inferne
807 803 1047 907 praesertim,
1075 828 1148 905 per

218 945 423 1022 distantias
453 949 648 1050 regulares
678 945 876 1019 articulato
902 945 964 1020 vel
989 944 1150 1017 suborti-

218 1091 370 1175 culato,
406 1089 554 1173 radios,
594 1088 792 1162 breviores
826 1088 1090 1189 longioresve,
1128 1112 1150 1159 e

220 1231 364 1333 quovis
406 1217 685 1343 artienlationis
726 1247 875 1329 puncto
912 1228 1150 1328 plerumque
1263 1236 1265 1240 ’

219 1398 304 1446 uno
332 1371 482 1472 plures,
522 1389 561 1445 et
594 1388 677 1443 turn
706 1367 1051 1443 semiterticillatos
1083 1381 1150 1440 aut

223 1511 476 1585 verticillatos
503 1510 720 1595 emittente,

172 1652 209 1751 4)
231 1652 396 1725 anae:
424 1657 492 1725 oxi
515 1656 703 1734 continno,
732 1646 1025 1751 perdistantias
1052 1644 1149 1721 irre·

227 1792 378 1892 gulares
403 1791 531 1866 radios
560 1767 749 1876 distantes,
779 1816 942 1894 sparsos,
970 1791 1058 1897 plus
1084 1789 1153 1860 mi·

224 1958 300 2005 nus
324 1931 531 2032 elongatos,
560 1934 795 2035 plerumque
820 1931 1011 2006 solitarios
1038 1928 1151 2004 emit·

225 2090 361 2158 lente,

163 2210 201 2312 5)
221 2211 423 2314 Thyrsi:
451 2217 519 2288 oxi
543 2219 735 2325 continuo,
763 2211 977 2316 pedicellos
1002 2208 1065 2286 vel
1089 2240 1151 2285 ra·

224 2353 357 2427 diolos
390 2355 594 2450 corffortos,
635 2357 813 2456 undique
848 2380 1018 2456 sparsos,
1051 2378 1154 2427 sem*

223 2521 302 2596 per
328 2493 425 2568 adeo
450 2497 574 2568 breves
604 2515 823 2592 exserente,
860 2513 905 2568 ut
935 2493 1049 2595 eopia
1078 2493 1154 2566 sso-

222 2663 319 2708 rum
345 2633 384 2707 in
409 2637 574 2736 spatium
609 2636 805 2738 angustius
833 2653 966 2710 coacta
990 2635 1155 2709 formam

225 2773 431 2848 definitam
456 2775 713 2878 adipiscatur,

160 2917 202 3017 (3)
228 2915 432 2991 Cristae:
461 2923 529 2991 oxi
553 2919 741 3020 (partiali)
761 2921 952 3002 continno,
981 2917 1153 3020 compla-

225 3075 324 3130 nato
343 3054 370 3129 l.
395 3058 561 3158 trigone,
586 3030 727 3158 pagina
747 3060 915 3154 irfforion'
938 3059 1052 3132 flores
1071 3083 1157 3131 oon·
1249 3078 1252 3083 ’

215 3199 368 3293 sartos,
409 3196 795 3300 brevipedieellatos,
840 3199 1057 3282 biseriales,
1104 3197 1157 3270 ita

233 3339 448 3421 emittente,
475 3356 521 3410 ut
540 3339 667 3439 gluma
694 3366 830 3413 eorum
857 3339 1025 3414 exterior
1048 3361 1156 3437 supe-

228 3485 312 3551 rior
338 3478 404 3561 sit,

165 3622 203 3722 7)
229 3617 441 3692 Racemi:
478 3620 547 3690 oxi
575 3623 750 3692 continno
780 3622 1047 3705 teretiusculo,
1084 3617 1159 3694 sso—
1231 3696 1242 3720 ι

227 3785 292 3834 res
328 3756 478 3831 dissitos
518 3754 663 3832 sessiles
696 3780 762 3834 aut
794 3760 1158 3863 brevipedicellatos

228 3905 330 3973 uni·
354 3910 420 3970 aot
451 3899 823 3974 snb-uniloteroliter
855 3903 908 3976 ita
942 3903 1156 3986 emittente,

227 4060 277 4118 ut
303 4038 433 4142 gluma
459 4065 596 4116 eorum
623 4044 791 4118 exterior
813 4044 968 4139 irfirior
990 4041 1060 4139 sit;
