2654 4776
311 335 355 388 11.
407 313 478 386 Ad
499 315 820 418 Tenninologt‘am.
1045 314 1092 389 35

86 511 145 585 dere
168 516 374 587 memoriae
403 513 616 588 commodis
646 539 762 586 nemo
787 513 956 612 negabit.
1009 494 1099 617 Op-'

46 752 50 767 ι
80 658 141 727 tine
170 660 296 755 potius
335 652 384 730 de
425 642 586 730 scientia
622 661 807 730 meruisse
849 658 1090 732 existimandi

44 800 138 868 'suut
163 800 202 878 ii,
237 802 322 897 qui,
361 803 527 899 graviori
557 797 857 873 modificationis
889 798 1090 897 cujusdam

70 936 263 1036 vegetabilis
300 959 498 1021 momento
540 946 613 1013 rite
651 957 875 1040 perspecte,
926 939 1090 1014 eandem

74 1084 205 1152 tannino
248 1098 338 1180 apto
380 1100 497 1181 atque
535 1086 830 1181 circumscripto
872 1107 1088 1183 expressam

14 1244 23 1311 j
67 1216 153 1291 luero
177 1225 359 1297 scientiae
383 1224 602 1325 adponunt.
647 1221 761 1297 Unde
784 1228 911 1296 virum
936 1230 1086 1326 egregie

63 1364 221 1432 neritum
250 1352 383 1451 illum,
422 1369 506 1465 qui,
548 1369 765 1438 Juncorum
791 1364 1086 1467 inflorescentia

64 1503 227 1600 peculiari
256 1507 382 1607 probe
413 1504 676 1589 considerata,
720 1503 882 1578 eandem
918 1514 1085 1583 termino

72 1641 225 1714 Anthelne
257 1653 471 1748 insignivit,
503 1651 688 1719 terminos
718 1664 887 1729 nostros,
920 1648 1082 1750 polyga-

64 1790 144 1859 miae
163 1793 285 1861 varios
309 1813 453 1888 eosque
472 1786 775 1861 distinctissimos
797 1785 936 1887 gradus
954 1795 1086 1890 exprio

58 1947 196 2014 nentes,
226 1936 361 2002 inanes
378 1947 495 2028 atque
514 1927 731 2030 superfluos
757 1926 982 2015 declarasse,
1012 1934 1084 2005 mi·

57 2056 260 2145 rum'nobis
286 2076 410 2144 visum
435 2087 503 2144 est.

498 2311 555 2411 g..
582 2342 615 2387 α.

135 2496 383 2598 Ubicumque
408 2522 501 2571 vero
532 2501 617 2597 quis
644 2500 684 2567 in
714 2491 923 2594 digerenda
952 2499 1081 2567 scien·
1138 2503 1145 2518 ‘

51 2637 114 2708 tiae
141 2645 342 2738 provincia
379 2639 507 2738 aliqua
540 2653 734 2718 versatur,
781 2658 1001 2733 novamque
1037 2639 1081 2709 iu

49 2784 210 2851 materias
243 2779 445 2880 quasdam,
494 2776 662 2850 tenebris
693 2774 878 2849 hactenus
908 2775 1077 2859 obrutas,

48 2910 162 2990 lucem
191 2919 326 2993 inferri
352 2935 478 3009 curat;
523 2918 578 2989 ibi
604 2917 669 2990 ille
694 2921 937 3018 potissimum
968 2944 1080 2990 men·
1188 2940 1194 2948 ’

54 3059 181 3132 tionem
204 3086 361 3133 movere
385 3058 530 3132 valebit
553 3059 726 3160 plurium
750 3062 963 3159 rationum,
998 3061 1080 3157 qui·

55 3190 135 3280 bus,
176 3205 218 3274 in
249 3205 477 3273 oeconomia
510 3188 714 3300 vegetabili
748 3197 906 3270 fortasse
938 3202 1078 3298 gravis·

29 3326 155 3424 'simia
201 3346 276 3415 rite
302 3337 550 3443 insigniendis
583 3344 758 3423 termini,
810 3355 1006 3438 quotquot
1036 3343 1079 3414 in

37 3499 190 3578 promtu
216 3501 318 3566 sunt,
345 3508 593 3582 nequaquam
618 3476 823 3555 sufficiant.
877 3479 984 3573 Quae
1004 3506 1080 3555 no·
1153 3517 1156 3522 ¹

33 3638 108 3693 ttra
126 3641 183 3696 est
201 3648 326 3705 causa,
357 3629 424 3721 qui
447 3629 487 3696 in
506 3628 722 3723 graminum
746 3640 884 3694 natura
903 3640 941 3695 et
958 3622 1078 3696 fabri·

28 3786 71 3833 ca
102 3762 370 3864 investiganda
398 3790 611 3847 versamur,
650 3742 753 3836 iliter
784 3788 953 3861 quorum
971 3790 1080 3844 ‚con-

28 3903 200 3980 ditiones
214 3908 451 4006 'vegetativas
472 3906 588 4006 longe
607 3908 847 4004 gravissimae
866 3923 955 3978 sunt
973 3903 1075 3993 illae,

29 4070 125 4146 quae
155 4044 208 4120 ad
225 4044 553 4122 inflorescentiam
569 4051 750 4123 attinent.
793 4045 920 4147 Hujus
944 4050 1077 4148 itaque

555 4186 563 4201 .
843 4189 865 4259 5
889 4183 909 4222 v
