2654 4776
555 339 710 414 Genera.
1088 364 1151 414 121

145 535 304 610 ferior
331 536 483 610 enervis
507 556 574 613 ant
597 538 795 612 uninervis
830 538 1038 636 (rarissime
1063 535 1155 608 sub-

150 676 381 752 trinervis.
433 677 665 778 Stigmata
689 683 879 784 plumosa.

188 818 277 890 Tr.
311 819 436 891 nond.
464 825 564 922 Agr.
589 850 630 922 p.
660 829 739 898 118.

184 959 290 1034 Sub
320 960 501 1033 AGROS‘H
526 962 577 1034 R.
595 974 630 1032 et
642 964 681 1035 S.
695 992 736 1062 p.
758 964 813 1036 16.
918 940 921 945 .

186 1101 449 1174 CoLPomun
480 1102 546 1175 Tr.
574 1103 696 1176 and.
724 1108 825 1206 Agr.
850 1135 891 1204 p.
922 1129 1002 1202 119.

187 1243 376 1314 PHIPSIA
400 1242 466 1314 Tr.
494 1271 556 1343 op.
573 1246 729 1346 Spreng.
745 1275 783 1322 n.
799 1244 915 1319 Entd.
931 1245 989 1318 ΙΙ.
1001 1272 1043 1342 p.
1061 1248 1119 1340 37.

165 1404 447 1477 Perianthium
481 1409 683 1481 mutinum.
745 1407 791 1480 V
786 1406 930 1480 oleatae
961 1408 1161 1507 superioris

167 1557 315 1618 costae
340 1548 732 1648 approximatissimae
755 1573 868 1649 saepe
885 1548 928 1621 in
949 1572 1069 1622 unam
1094 1572 1162 1617 co·
1204 1549 1206 1553 ’

176 1688 236 1762 ire
264 1686 470 1761 videntur.
521 1689 723 1762 Lodiculae
746 1715 928 1790 squamae
956 1717 1042 1762 2-1.
1075 1685 1159 1757 Sta-

171 1832 289 1902 mina
321 1833 407 1901 1-3.
461 1830 556 1928 Styli
581 1859 614 1904 2.

202 2024 275 2077 obs.
311 2025 412 2087 Genus,
443 2027 524 2095 quoed
547 2028 758 2081 innotescentiam
777 2028 988 2096 polymorphnm,
1015 2025 1132 2077 Paniceie
1149 2040 1165 2072 a

309 2134 389 2186 latere
405 2135 480 2187 affine
497 2137 529 2186 ob
547 2137 711 2187 substantiam
727 2137 882 2187 valvularum
899 2136 1066 2194 chartaceum,
1090 2151 1164 2199 saepe

310 2259 440 2294 enervem.
469 2245 501 2295 In
516 2246 664 2314 quibusdam
673 2228 935 2313 Lodiculaesquamac
948 2245 1041 2296 sensim
1058 2243 1089 2292 ad
1104 2243 1165 2291 lon·
1201 2297 1204 2301 ¹

310 2353 450 2416 gitndinem
466 2353 599 2421 perimthii
616 2352 746 2420 elongatae
764 2371 850 2404 semen
868 2355 1059 2416 (ammineum,
1085 2350 1166 2400 sordi-

312 2461 345 2511 de
361 2460 496 2512 lateritium
516 2463 558 2514 vel
580 2462 708 2529 glaucum,
733 2461 1065 2528 oblongo-subnotandum,
1094 2477 1166 2509 com-

312 2571 518 2636 pressiusculum)
544 2573 613 2639 quasi
635 2572 751 2622 tenaculo
778 2584 878 2639 ceptum
900 2569 1049 2638 protrudunt
1071 2580 1096 2618 et
1119 2570 1166 2618 de-

312 2695 384 2727 mum
399 2678 533 2732 demittunt
550 2681 627 2735 (unde
644 2694 742 2731 nomen
753 2678 882 2747 Sporoboli
893 2679 960 2743 En).
995 2678 1030 2730 At
1039 2677 1101 2728 haec
1111 2677 1168 2726 Lo·

314 2787 412 2840 diculae
441 2788 566 2854 elongatio
596 2790 749 2857 seminisque
774 2790 895 2856 projectio
920 2804 969 2837 nec
997 2786 1024 2836 in
1052 2787 1169 2836 omnibus

316 2897 458 2964 speciebus,
475 2915 530 2957 nec,
549 2911 576 2948 nt
592 2899 699 2958 videtur,
717 2899 744 2948 in
765 2899 927 2966 quorumdam
945 2896 1110 2962 speciminum
1127 2895 1169 2942 lo-

316 3005 394 3056 custis
410 3007 526 3056 omnibus
544 3009 689 3058 observatur
706 3007 881 3076 (quamobrem
892 3003 1023 3072 Sporoboli
1040 3022 1096 3055 cum
1106 3001 1169 3055 Vil-

300 3117 352 3184 fis
369 3117 518 3178 confluunt).
562 3116 594 3165 In
618 3116 694 3184 VIch
717 3125 869 3166 commutata
894 3113 1016 3164 Lodiculn
1038 3111 1170 3168 univalvis.

316 3224 421 3291 perinde
446 3224 575 3290 elongate,
603 3224 736 3284 cucullata,
764 3225 874 3275 elatem
897 3222 1031 3297 perienthii
1055 3219 1170 3270 valvulae

318 3331 443 3385 inferioris
460 3333 532 3390 fissa,
561 3349 647 3383 semel
668 3333 802 3402 pericarpii
823 3332 1007 3382 membranacei
1029 3331 1106 3380 instar
1128 3330 1171 3378 in-

318 3437 396 3490 cludit
422 3451 447 3490 et
470 3441 570 3490 demum
593 3442 694 3492 elestice
715 3443 818 3493 emittit.
857 3441 953 3491 Eadem
979 3441 1072 3506 absque
1097 3439 1172 3488 dubio

319 3548 368 3598 fuit
383 3551 549 3615 organisatio,
578 3567 652 3616 quam
670 3551 696 3599 in
715 3549 792 3618 Viya
806 3552 905 3616 juncea
930 3535 1064 3615 (Colpodio
1075 3549 1171 3612 junceo

322 3659 368 3710 Tr.
384 3656 409 3707 in
429 3657 511 3726 Sprgl.
530 3678 555 3709 n.
573 3659 651 3709 Entd.
668 3659 711 3708 ll.
734 3677 762 3724 p.
781 3658 836 3728 37.)
861 3661 971 3711 incurius
993 3676 1039 3726 pro
1063 3657 1172 3725 polyga-

318 3767 386 3816 mica
405 3765 490 3818 habui.
569 3795 571 3802 ι

138 3962 141 4007 ι
177 3928 543 4002 POTAMOPHJLA
555 3923 623 3995 Br.
657 3920 774 3994 Juba
794 3920 1042 4021 panicularis,
1076 3915 1175 3989 Glu-

175 4091 297 4148 mae
326 4060 532 4138 minimae:
572 4061 736 4136 inferior
765 4063 908 4137 minor.
970 4056 1176 4134 Valvata
