2550 4770
245 315 289 386 18
572 331 602 382 ι.
652 307 725 383 Ad
745 306 953 381 lincoliam.

241 510 455 612 speximus,
496 509 594 611 quid
623 511 702 584 sint
732 509 956 586 internodia
985 509 1225 584 Graminum
1249 526 1268 582 et

243 677 323 752 quo
347 651 507 727 vinculo
531 651 793 753 singulorum.
830 651 926 725 dum
949 652 990 725 in
1015 649 1137 724 flores
1162 650 1267 723 reclu·

242 795 407 879 duntur,
444 795 639 867 connexio
662 812 798 869 mutua
823 792 1066 867 conficiatur.
1120 795 1268 865 Tantum

240 962 334 1010 vero
359 933 469 1010 abest
491 954 539 1010 ut
554 935 670 1008 flores
687 932 966 1036 EpiphystidiS‚
993 934 1098 1007 intra
1123 931 1268 1034 spatium

242 1077 563 1176 angustissimum,
592 1074 701 1176 quod
722 1102 774 1149 ne
791 1075 909 1177 ipsius
936 1073 1098 1173 quidem
1124 1073 1210 1146 axis
1230 1098 1269 1174 pe

242 1217 398 1293 culiaris
428 1217 593 1291 ssoriferi
626 1217 893 1290 evolutionem
918 1213 1004 1286 fieri
1029 1214 1149 1299 sinit,
1193 1213 1263 1286 dire·

243 1343 374 1433 ctione
386 1344 706 1459 perpendiculari
725 1356 911 1438 absorbti,
939 1353 1220 1429 evolutionem
1229 1353 1269 1426 llo

242 1498 365 1571 talem
387 1499 702 1600 plenariamque,
731 1497 854 1599 qualis
879 1495 921 1568 in
945 1513 1047 1568 statu
1070 1495 1212 1570 libero
1234 1494 1273 1567 de

240 1616 512 1738 prehenditur,
527 1640 765 1713 locustarum
782 1637 1123 1711 constructionem
1141 1638 1273 1725 sistant·

241 1795 289 1856 ut
315 1779 445 1880 potius
474 1778 645 1879 primum
678 1776 1088 1876 evidentissimumque
1123 1778 1271 1880 partium

243 1891 524 2019 suppressionis
544 1919 762 2020 exemplum
780 1917 1005 2019 praebeant.
1043 1918 1153 1991 Nam
1168 1916 1273 2019 siquis

243 2054 345 2132 forte
370 2085 417 2133 ex
440 2057 704 2162 Epiphystidis
729 2059 827 2132 ssore
853 2054 985 2157 colligi
1012 2081 1134 2158 posse
1163 2057 1273 2133 crede·

244 2215 325 2283 ret,
359 2197 549 2274 locustam
579 2200 815 2300 gramineam
843 2198 1017 2299 typicam
1045 2225 1139 2273 non
1165 2194 1269 2297 requi·

243 2331 431 2411 retenisi
455 2351 630 2441 squamas
655 2339 748 2415 duas
766 2365 915 2439 easque
943 2333 1228 2438 homogeneas3
1251 2332 1274 2404 is

244 2478 360 2554 simul
392 2477 468 2552 hoc
502 2482 700 2582 postulare
731 2479 957 2559 videretur,
1000 2496 1046 2550 ut
1086 2477 1275 2580 quodliht

245 2642 403 2720 gramen
426 2619 691 2722 Epiphystidis
716 2606 1004 2693 inflorescentia
1034 2634 1163 2718 atque
1193 2643 1274 2721 sym«

243 2759 380 2832 metria
407 2730 581 2859 gauileat.

692 3001 731 3099 ς.
784 3029 839 3074 11.

342 3181 511 3259 Simulat
537 3200 667 3257 autem
689 3183 959 3256 concatenatio
978 3184 1044 3255 illa
1062 3185 1199 3260 florum
1218 3178 1256 3251 b.

245 3321 387 3398 cillanis
413 3326 465 3398 ita
490 3325 652 3398 solvitur
676 3342 722 3397 ut
745 3323 930 3397 lateribus
960 3324 1264 3401 internodiorum

243 3488 347 3563 quae
371 3464 413 3538 in
425 3462 683 3566 Epiphystide
707 3491 838 3538 merae
855 3462 982 3536 adhuc
1008 3464 1273 3567 glumae2sunt

244 3603 287 3679 in
319 3603 434 3677 flores
468 3604 638 3705 integros
670 3603 779 3679 abire
803 3604 938 3689 liceat,
974 3604 1053 3679 sive
1079 3624 1128 3680 ut
1152 3605 1273 3680 articu-

245 3741 306 3816 lus
345 3743 512 3844 quilibet
550 3714 712 3818 materia
753 3743 880 3818 florali
918 3771 1140 3847 praegnans

238 3880 390 3975 'liberos
434 3884 646 3957 lateraliter
671 3885 860 3985 fiexserere
900 3885 1046 3987 possit;
1098 3883 1271 3989 extemplo

241 4046 426 4123 squamae
457 4022 662 4125 interiores
696 4042 812 4124 atque
845 4025 1087 4129 teneriores,v
1126 4028 1269 4134 tegmine
