2654 4776
188 311 235 444 Se
452 336 513 399 111.
561 314 631 392 Ad
652 318 958 423 Dispositionm.

192 519 299 620 quod
323 516 515 592 moneant.
573 509 740 592 Tanturn
771 546 821 592 ne
851 519 1095 595 verissimum
1118 510 1155 590 ill

193 680 271 758 quo
286 655 537 732 immoderata
551 655 739 732 sententia
749 641 813 729 illa
823 660 973 745 nititur,
990 651 1155 762 principi

193 799 447 900 negligamus,
477 795 589 911 quale
615 797 747 870 formis
772 797 957 899 partium,
985 820 1061 900 pro
1087 823 1125 872 se

194 938 293 1042 gulis
315 940 473 1013 omnino
496 936 688 1022 abstrusis
716 938 874 1010 minime
900 939 1142 1039 perturbatus

194 1081 260 1154 ille
279 1079 614 1181 ingeniosissimus,
644 1077 750 1151 omni
765 1079 988 1152 formationi
1014 1081 1148 1181 gramis

193 1223 301 1294 velut
333 1221 457 1320 legem
488 1218 803 1320 protoplasticam
836 1241 1085 1294 communem
1181 1254 1183 1267 ,

197 1385 276 1433 esse
301 1355 520 1460 perspexit.v
559 1359 670 1431 Illam
694 1375 825 1431 autem
846 1360 970 1460 legem
995 1360 1036 1433 in
1063 1362 1118 1436 int
1179 1389 1181 1393 ·

196 1496 351 1573 diorum
374 1518 511 1572 natura
537 1498 812 1598 quaerendam,
847 1484 1074 1600 variamque
1095 1528 1133 1576 eo
1180 1512 1183 1529 ¹

197 1640 459 1714 evolutionem
492 1623 662 1736 ejusdem
689 1638 1108 1738 legis'rnodificationes
1178 1625 1183 1694 ἶ

197 1779 238 1853 in
263 1780 395 1880 priore
419 1748 532 1877 hujus
548 1777 829 1853 Dissertationis
851 1779 976 1881 capite
999 1780 1109 1868 deme
1137 1776 1140 1783 ’
1180 1801 1183 1833 ·

196 1919 332 1993 vimus.
386 1918 519 1992 Omnis
544 1917 659 2017 igitur
680 1917 893 2017 graminum
912 1916 1119 1996 differentia
1177 1944 1183 1950 ·

200 2073 262 2133 tur
285 2058 377 2157 legis
403 2058 504 2129 illius
528 2054 823 2129 fundamentalis
849 2057 965 2157 (quae
987 2079 1080 2134 ests
1175 2058 1183 2091 ⁷·

198 2221 230 2270 s.
256 2197 438 2270 materiae
463 2193 605 2268 floralis
635 2195 857 2269 internodio
882 2198 1018 2273 insitae
1045 2224 1090 2274 ev
1174 2228 1177 2237 ·

199 2337 236 2409 vi
257 2337 504 2438 progressiva,
533 2353 598 2409 aut
623 2334 859 2422 cohibitiori,
887 2356 953 2411 aut
978 2340 1080 2440 expli
1178 2396 1183 2414 .

205 2476 308 2574 Quot
332 2487 452 2546 autem
469 2452 683 2549 evolationis
701 2501 732 2550 s,
747 2483 1017 2578 progressionis
1033 2477 1123 2551 illius

201 2617 271 2688 dus
294 2615 484 2690 distinctos
509 2600 759 2703 observamus,
787 2631 843 2691 tot
861 2641 1038 2718 genera

203 2781 296 2830 mus.
350 2753 489 2852 (rand.
516 2755 616 2854 Agr.
649 2759 739 2859 Cap.
766 2760 816 2834 X.
839 2786 881 2857 p.
908 2765 969 2858 49.
995 2763 1110 2861 sqq.).
1144 2731 1147 2739 Ι
1181 2839 1183 2847 ⁴

648 2996 688 3094 S·
735 3023 790 3097 19·

301 3177 384 3277 Qua
406 3178 520 3279 igitur
538 3179 688 3253 ratione
710 3181 1069 3256 totamGraminum

205 3341 328 3417 aeque
354 3335 442 3419 apte
459 3345 502 3393 ac
524 3313 751 3394 naturaliter
770 3320 812 3394 in
837 3321 1015 3397 Genera
1039 3324 1110 3397 dir·
1143 3318 1151 3337 ”

205 3454 351 3532 denaus.
402 3455 479 3532 Sed
505 3459 700 3558 quomodo
728 3460 877 3547 eadem,
909 3481 1070 3538 naturae
1094 3454 1122 3536 d

205 3622 295 3674 suae
322 3598 544 3673 evolutione
569 3598 740 3700 gradaria
758 3601 933 3702 undique
950 3603 1134 3679 arctissim

206 3737 308 3814 inter
332 3764 371 3811 se
397 3739 626 3823 cohaerens,
667 3741 798 3825 turba,
836 3765 885 3814 ex
908 3741 1034 3814 eodem
1054 3742 1138 3841 prin

189 3877 489 3964 insertiones,
530 3879 742 3966 Cohortes‚
781 3880 919 3955 Tribus
953 3882 1074 3957 dividi
1106 3911 1131 3984 p

208 4017 372 4096 nonita
402 4017 514 4095 facile
544 4021 752 4122 perspicio.
803 4022 1022 4098 Internodii
1048 4019 1154 4098 infer'
