2654 4776
264 312 312 389 36
533 336 576 388 11.
628 315 700 388 Ad
721 318 1042 421 Terminologiam.

265 518 567 616 expositionem,
607 518 762 619 qualem
793 524 835 592 in
859 519 983 594 Fund.
1002 511 1112 620 Agr.
1136 545 1180 618 p.
1211 526 1303 614 40*

264 663 326 755 49.
353 658 609 744 exhibuimus,
642 661 769 760 probe
794 678 924 735 teneat
950 686 1193 761 quaesumus,
1224 667 1327 761 qui·⁴

265 825 433 900 eumque
467 801 517 891 de
552 807 725 876 terminis
759 809 871 904 ipsis,
925 804 1066 904 quibus
1101 828 1146 875 ex
1179 738 1327 878 nostrai

265 950 455 1017 sententia
489 943 801 1018 inflorescentiac
833 944 1141 1047 modificationes
1172 942 1319 1020 distin?

265 1083 439 1181 griendae
464 1102 569 1169 sunt,
599 1084 788 1184 judicium
812 1086 958 1160 laturus
986 1104 1054 1158 est.
1105 1087 1181 1184 Agi
1208 1091 1292 1160 enim

263 1222 363 1296 nibil
391 1226 498 1300 aliud
529 1225 605 1300 hoo
635 1229 723 1301 loco
753 1234 899 1327 poterit
929 1234 1004 1302 nisi
1036 1234 1099 1312 ut,
1145 1229 1287 1299 letltt

264 1364 379 1437 illud:
410 1365 615 1452 „habitum
640 1374 681 1468 in
707 1369 987 1443 constituendis
1013 1348 1219 1469 generibus
1241 1394 1289 1442 oc·

265 1507 369 1580 culte
389 1506 672 1583 consulendum
690 1524 798 1582 csse“
818 1515 960 1584 iterum
977 1515 1018 1583 in
1036 1507 1209 1583 medium
1224 1534 1290 1609 pro

263 1647 446 1733 ferendO,
490 1654 712 1751 periculum
738 1650 805 1724 fiat
836 1649 1091 1725 convertendi
1124 1650 1291 1741 occultum

265 1789 365 1862 istud
400 1798 441 1863 in
472 1793 718 1866 manifestum
752 1790 950 1893 quoddam
983 1811 1101 1892 atque
1137 1796 1290 1867 terminis

265 1937 378 2004 certis
405 1941 647 2007 enuntiatum
672 1933 812 2030 (Fund.
833 1937 934 2034 Agr.
957 1961 1000 2031 p.
1027 1933 1122 2031 55.)
1163 1949 1164 1952 ’
1253 1970 1257 1979 ·

727 2162 912 2271 ss·

362 2357 526 2449 Omnem
550 2363 766 2458 graminum
790 2355 1101 2430 inllorescentiae
1129 2361 1289 2430 termino·

191 2479 199 2494 ⁰
263 2496 405 2597 logium
440 2499 629 2599 Spicea,
678 2502 855 2573 Racemi
891 2515 930 2570 et
959 2498 1205 2572 Panioulac
1235 2522 1290 2570 vo-

263 2639 410 2713 cabulis
430 2646 516 2712 satis
534 2666 728 2742 superque
755 2638 972 2711 confectam
989 2636 1124 2710 haberi
1143 2652 1288 2711 constat.

262 2782 433 2853 Primum
450 2783 605 2881 §picam
627 2754 797 2853 breviter
821 2786 1038 2852 examinare
1055 2779 1184 2852 liceat·
1225 2778 1311 2878 Spir-

263 2938 346 2994 cata
368 2921 531 2994 dicimus
549 2949 689 3024 genera
702 2922 870 3024 Oph'iuri
894 2938 932 2993 et
950 2922 1145 3003 similium,
1159 2895 1291 3001 “Nardi,

261 3063 430 3150 Hordei,
465 3064 583 3149 Lolii,
622 3066 833 3164 Crypseos,
866 3061 1036 3136 Setariae
1067 3061 1143 3153 al.;
1185 3060 1292 3163 spicas

261 3211 532 3307 nuncupamus
557 3205 685 3279 radios
712 3203 926 3285 Chloridis,
963 3201 1183 3288 Eleusines,
1213 3204 1291 3276 Pas·

259 3347 339 3446 pali
365 3349 415 3420 al.
461 3352 569 3432 Jam,
598 3373 675 3448 qua
699 3345 851 3418 ratione
876 3345 982 3446 spica
1006 3342 1179 3445 Ophiuri
1201 3341 1322 3437 simia¹

258 3485 436 3589 liumque
460 3489 542 3573 fiat,
582 3489 623 3561 in
648 3490 741 3588 Cap.
770 3488 831 3568 1¹39
857 3483 1081 3570 didicimus,
1121 3484 1327 3586 ipsaeque.

259 3626 403 3729 figurae
415 3630 586 3703 Tabulae
601 3630 750 3731 primae
764 3652 835 3701 nos
854 3626 1009 3712 docent,
1039 3622 1205 3700 eandem
1222 3651 1300 3699 con·

258 3764 322 3841 lici
350 3795 370 3841 e
396 3770 558 3845 floribus
581 3734 814 3844 articulatim
836 3767 1003 3840 invicem
1027 3767 1323 3875 concatenatis,⁴

256 3930 288 3982 s.
317 3934 363 3982 ex
388 3910 560 3997 articulis
581 3908 795 3993 floralibus,
823 3907 993 4008 ideoque
1011 3911 1232 3985 necessario
1254 3910 1325 3997 iu,

256 4048 430 4125 formatis
452 4069 497 4126 ut
522 4071 571 4140 1⁰,
599 4050 784 4128 articulus
810 4049 978 4150 quilibet
1002 4050 1057 4123 ab
1084 4051 1180 4153 ipsa
1205 4043 1324 4129 basi

1316 4176 1326 4337 i
