2550 4770
184 278 233 373 46
450 295 494 352 tt.
548 275 618 348 Aa
644 273 976 381 Tenninologiem·

187 476 242 551 dii
268 503 400 562 areos,
429 476 631 580 primitus,
657 494 703 553 ut
726 474 903 564 videtur,
932 476 975 550 in
997 473 1056 547 hae

185 645 280 695 num
315 619 421 693 tribu
449 618 562 702 folia,
604 618 718 693 simul
749 638 882 694 antem
914 616 1061 693 materia

185 761 460 863 praegnatia,
499 778 706 861 utramque
742 778 947 846 neutram,
985 777 1083 860 vegeta

186 921 225 976 et
249 901 566 1004 reproductivam
595 901 636 974 in
660 927 706 975 se
738 900 990 975 commixtam
1018 927 1068 1002 ger

185 1041 346 1143 dentur,
388 1043 440 1116 ita
471 1061 516 1116 ut
541 1069 561 1115 e
586 1041 691 1129 folii,
725 1043 903 1116 nuncin
930 1040 1068 1114 radium

183 1184 292 1268 stati,
330 1210 451 1259 nervo
485 1181 614 1256 medio
649 1180 835 1284 utrinque
863 1181 985 1256 flores
1009 1183 1069 1255 alte

184 1325 373 1400 serialiter
399 1342 622 1425 erumpant3
652 1349 751 1422 quae
776 1323 978 1426 primitiva
1001 1321 1070 1396 folii

149 1440 153 1449 Ι
185 1465 226 1539 in
258 1465 418 1566 Paspalo
449 1466 747 1540 membranaceo
779 1485 873 1565 prae
906 1462 1063 1564 reliquis

186 1626 410 1681 conservata
435 1624 596 1708 prostat.
649 1604 914 1702 Quamobrem
949 1622 991 1678 et
1019 1604 1077 1676 axis

88 1738 97 1743 ¹
184 1748 312 1821 munis
330 1747 489 1820 fortasse
512 1770 725 1844 numquam
750 1744 831 1845 ipse
856 1744 899 1816 in
924 1770 1056 1818 veram

183 1888 325 1972 abibit,
340 1885 420 1960 sed
447 1885 574 1959 radios
601 1904 751 1959 tantum
776 1885 976 1972 cristam,
1006 1911 1085 1959 nunt

184 2047 282 2102 tatus
316 2025 485 2125 (Chloris
510 2027 580 2126 al.)
613 2052 720 2102 nunc
753 2024 924 2101 alternos
959 2027 1081 2129 (Lepta

183 2171 254 2270 al.)
284 2167 396 2243 seret.

632 2403 673 2506 S.
719 2406 776 2485 15.
1100 2362 1101 2433 l

280 2590 406 2666 Hasce
431 2589 549 2664 modo
576 2591 783 2665 recensitas
814 2589 1087 2667 inflorescentia

183 2732 336 2806 mineae
362 2751 509 2836 septem
534 2732 842 2823 modificationes
867 2733 1095 2836 principales·

181 2872 324 2946 mirum

245 3113 281 3210 1)
307 3110 481 3212 Spirae
509 3131 547 3187 et
572 3114 818 3215 Spiculae:
859 3113 966 3186 rachi
990 3098 1101 3217 perl'u

307 3252 375 3326 tias
406 3254 599 3354 regulares
632 3255 768 3328 breves
801 3254 1026 3329 articulata:
1059 3241 1101 3323 all

306 3393 459 3492 singulo
485 3395 569 3467 basi
584 3421 653 3466 sua
677 3395 792 3468 ssores
814 3396 1033 3470 alternatim
1055 3409 1101 3467 exst

306 3549 358 3615 te,
387 3532 557 3636 ideoque
580 3535 647 3608 sub
673 3540 752 3635 ipso
778 3561 845 3607 suo
856 3537 967 3647 flare
992 3523 1101 3611 soluhil

241 3713 279 3810 a)
306 3713 532 3791 Cadurci:
560 3723 629 3794 axi
645 3747 716 3821 per
735 3714 931 3792 distantias
957 3717 1101 3820 regulare

306 3855 460 3928 ticulato
487 3859 546 3931 vel
566 3860 853 3935 subannulato.-
887 3854 1049 3932 articulo
1069 3847 1101 3925 sit

305 3998 427 4095 “Vm
442 4022 510 4073 3αο
544 3999 660 4081 flores
685 4002 832 4084 sessiles
857 4019 924 4074 aut
947 3987 1101 4098 brevipti

847 4268 855 4285 ι

892 4298 904 4333 Ι
