2654 4776
303 290 354 365 tt.
406 289 486 361 Ad·
503 289 826 392 Terminologiom.
1044 295 1088 384 [μ

164 487 408 562 Internodiis
440 488 611 561 distincte
642 488 849 563 articulatis
877 489 1004 590 iisque
1027 512 1092 563 so.⁴
1160 515 1164 521 ·

212 629 403 703 lubilihus
427 629 490 702 vel
515 655 597 703 non
621 630 874 726 solubilibus;
905 648 990 704 aut:

162 770 405 845 Internodiis
438 771 612 845 obsolete
645 770 873 875 articulatis,
916 772 995 847 sive
1019 797 1091 845 no-

212 915 305 984 tatis
332 924 477 986 tontum
508 910 692 985 distantiis
724 911 913 987 radiorum
941 912 1047 1014 regul
1070 957 1090 970 -

211 1053 343 1147 n'bns3
748 1138 750 1143 ,

10 1236 13 1257 =
61 1218 144 1295 qnae
160 1194 327 1269 exsertio
345 1221 417 1296 per
435 1192 632 1269 distantias
648 1195 843 1295 regulares
859 1171 1013 1299 semper
1033 1198 1089 1272 in·

10 1394 14 1399 -
61 1336 269 1413 ternodium
298 1338 463 1429 alterum
492 1334 605 1408 alteri
636 1332 713 1408 hoc
743 1335 833 1410 loco
864 1323 1088 1439 superposi-

61 1495 132 1555 tum
152 1506 231 1555 esse
258 1477 419 1556 indicat.
469 1476 698 1551 Distinctior
724 1477 830 1551 enim
855 1479 1088 1557 obsoletior·

66 1645 108 1694 re
128 1619 356 1705 articulatio,
390 1616 560 1718 ideoque
593 1617 848 1692 articulorum
872 1621 1104 1697 solubilitas‘

65 1780 123 1837 aut
141 1761 387 1846 continuitaS,
425 1785 498 1860 per
527 1758 652 1832 varios
678 1759 816 1859 gradus
841 1758 940 1835 adeo
965 1763 1087 1838 altera

58 1901 96 1979 in
117 1902 273 1979 alteram
302 1916 523 1985 transeunt,
562 1916 607 1973 ut
630 1927 667 1972 v.
688 1926 743 2000 gr.
770 1899 913 1988 Secnlis
938 1905 1086 2002 species

56 2044 119 2117 alia
140 2042 228 2118 axin
254 2042 479 2125 solubilem,
519 2040 594 2113 alia
626 2039 795 2114 eundem
823 2068 916 2116 non·
937 2043 1084 2119 solubi-

53 2183 122 2258 lem
139 2183 296 2260 habeat.
347 2183 448 2256 Sunt
481 2198 609 2254 tamen
639 2206 800 2281 genera,
842 2208 941 2281 quae
970 2210 1084 2260 axeos

63 2323 216 2399 solubilis
249 2323 313 2398 vel
342 2350 424 2396 non
454 2319 631 2394 solubilis
663 2338 762 2408 nota,
794 2323 881 2397 satis
912 2325 1015 2400 bene
1045 2343 1084 2401 et
1121 2351 1123 2356 ·
1180 2409 1183 2413 ,

60 2483 269 2539 constanter
305 2463 354 2536 ab
391 2461 571 2563 affinibus
604 2460 903 2568 discernantur,
951 2493 989 2541 r.
1024 2493 1080 2568 gr.

48 2605 245 2685 Hordeum
270 2603 321 2679 ab
345 2568 501 2705 Elymd

501 2845 543 2945 t·
578 2873 615 2946 9·

123 3029 213 3107 Axis
233 3029 457 3117 articulatus
475 3026 732 3108 articulorum
747 3029 990 3131 singulorum
1004 3027 1082 3130 api-

61 3193 98 3245 te
116 3197 283 3253 exserere
308 3188 436 3272 potest
460 3168 644 3276 spirulas,
671 3188 739 3246 aut

102 3312 146 3400 A,
164 3315 318 3391 alterno
336 3312 413 3387 situ
438 3311 579 3417 (rarius
596 3340 674 3389 una
690 3313 841 3416 plures)
856 3309 1079 3399 substentes,

163 3474 235 3531 aut
387 3558 390 3563 ¹

82 3597 126 3683 B,
154 3595 368 3697 pedanonto
395 3595 535 3696 (rarius
553 3594 745 3697 solitario)
769 3595 976 3693 interjecto,
1001 3592 1082 3698 ple·

164 3765 335 3840 rumque
361 3737 577 3848 composito
605 3756 644 3813 et
669 3735 977 3839 decomposita*

127 3879 469 3967 lnflorescentiam
491 3879 669 3982 priorem
685 3878 787 3981 (A.),
814 3878 885 3955 ubi
908 3876 1082 3979 spiculae
1183 3902 1185 3906 ’

36 4021 257 4103 nbsessiles
295 4021 467 4109 alternae
502 4021 662 4125 singulis
698 4047 813 4109 axeos
848 4016 1081 4105 internodiis
