2550 4770
356 322 385 375 1.
438 299 508 371 Ad
540 297 748 373 llzeoziam.
1054 327 1080 397 9

24 503 191 586 ralvula,
219 499 290 577 sed
313 498 474 574 racheos
500 499 616 577 simul
640 500 789 572 vicibus
808 498 984 600 fungitur
1003 525 1079 599 pro

22 641 280 721 sustentando
308 642 472 716 flosculo
497 660 703 742 sequente,
741 642 810 741 qui
834 640 1000 716 subinde
1027 641 1079 727 ei,

25 788 97 890 qui
123 787 253 895 ipsum
280 784 438 889 excipit,
472 783 576 859 idem
603 784 775 862 officium
798 800 981 887 praestat.
1036 806 1041 813 ·

496 1025 537 1125 g.
561 1032 613 1122 s.

127 1212 182 1286 Ex
208 1239 286 1314 qua
310 1212 418 1286 ssoris
449 1212 636 1312 graminei
667 1213 959 1287 constructione
989 1212 1079 1285 sim-

28 1353 252 1454 plicissima,
279 1377 311 1428 s.
338 1351 543 1426 rudissima
568 1353 710 1453 potius,
739 1354 955 1457 colligimus
980 1382 1080 1456 quae

28 1512 273 1594 sequuntur:
308 1492 583 1569 Internodium
608 1492 727 1573 culmi
754 1482 917 1596 quodvis*
942 1513 1083 1569 natura

32 1658 104 1727 sua
126 1633 228 1709 nihil
252 1660 332 1710 esse
349 1634 424 1708 nisi
442 1634 593 1719 florem,
621 1631 697 1707 hoc
716 1632 792 1709 est:
821 1635 974 1738 abipsa
998 1634 1083 1707 basi

30 1800 100 1848 sua
119 1774 162 1848 in
181 1801 357 1874 squamas
372 1801 403 1849 s.
422 1775 549 1850 valvas
562 1774 761 1851 discedere
780 1776 886 1860 duas,
917 1803 1083 1876 quarum

30 1916 154 1990 altera
178 1942 209 1991 s.
237 1915 403 1991 inferior
424 1904 663 2012 eufimiam,
700 1918 820 1991 altera
844 1943 874 1991 s.
903 1916 1083 2017 superior
1137 2017 1140 2025 Ι

29 2063 111 2157 ipse
135 2058 248 2130 culmi
270 2056 462 2141 articulus,
491 2056 629 2132 eodem
653 2057 772 2133 modo
798 2058 995 2132 involutus
1024 2072 1081 2130 at·

33 2218 132 2298 quej
139 2199 348 2272 articulum
372 2216 601 2297 sequentem
627 2196 765 2274 eodem
788 2199 906 2275 modo
933 2217 1082 2300 susten·

37 2337 136 2423 tnn's,
164 2365 208 2412 ac
225 2339 266 2412 in
281 2338 385 2440 spica
402 2341 680 2442 Epiphystidis,
710 2360 760 2427 et,
788 2358 833 2414 ut
853 2340 954 2413 infra
967 2340 1081 2440 (Cap.

35 2501 65 2554 1.
94 2478 134 2575 g.
153 2487 208 2556 18.
232 2481 308 2580 19.)
336 2479 519 2568 elucebit,
548 2483 590 2556 in
616 2483 749 2585 quavis
776 2482 925 2584 spicula
938 2480 1082 2563 Bromi,

31 2622 219 2695 Festucac
244 2621 336 2714 rel,;
376 2619 452 2695 hoc
479 2643 608 2698 autem
633 2623 919 2708 internodium,
952 2639 998 2695 ut
1031 2620 1085 2693 ita

32 2759 164 2834 dicam
182 2761 354 2848 bivalve,
383 2763 423 2837 in
449 2784 560 2865 parte
585 2765 765 2866 graminis
791 2764 977 2839 inferiore
1006 2761 1086 2835 sive

33 2927 106 2987 ea,
146 2902 189 2975 in
222 2931 298 3004 qua
329 2905 582 3006 vegetationis
617 2904 672 2977 vis
711 2904 838 2979 adhuc
871 2903 1083 3006 praevalet,

32 3039 129 3147 huic
160 3043 235 3145 ipsi
267 3046 313 3133 vi⁴
338 3047 591 3120 succumbere
617 3064 734 3146 atque
759 3046 831 3120 suh
856 3017 980 3120 forma
1013 3045 1088 3116 in-

37 3181 243 3256 ternodii
273 3186 446 3262 culmei
475 3185 682 3288 adparere5
726 3187 768 3260 in
800 3213 949 3262 summa
973 3185 1088 3286 plan«

39 3340 78 3394 ta
110 3349 227 3408 vero,
268 3325 338 3398 uhi
368 3326 683 3427 reproductionis
723 3328 894 3401 officium
931 3327 1085 3428 incipit,

32 3482 218 3538 naturam
242 3491 351 3540 suam
376 3467 585 3569 genuinam
616 3468 670 3542 ita
695 3468 769 3542 sibi
792 3467 1009 3552 vindicare,
1044 3486 1090 3542 ut

32 3607 324 3694 internodium,
351 3636 459 3682 nunc
484 3607 671 3693 florele,
703 3609 782 3710 jam
807 3609 849 3683 in
874 3608 956 3710 ipsa
981 3609 1092 3682 semi-

31 3749 98 3823 nis
124 3736 325 3823 involucra
351 3776 381 3823 s.
410 3750 578 3851 tegmina
603 3751 733 3835 abeat,
769 3769 886 3852 atquc
913 3749 979 3824 tali
1004 3776 1088 3823 mo-

34 3887 89 3963 do
118 3889 257 3966 florem
289 3890 613 3992 simplicissimum
644 3892 855 3966 constituat
887 3891 999 3994 (Cap.
1027 3912 1089 3965 111.

37 4029 200 4132 §.1603
228 4076 276 4090 -
294 4033 357 4113 rel
377 4032 620 4132 supellectile
644 4032 772 4107 florali
799 4033 840 4111 in
865 4025 952 4134 ipsd
976 4058 1089 4134 prae·-
