2550 4770
185 241 236 321 58
453 261 513 310 111.
559 238 628 308 Ad
650 240 962 337 Dispositionem·

186 441 278 541 quia
303 442 344 515 in
369 455 573 540 systemate
592 461 662 510 suo
684 436 984 512 individuorum
1001 455 1115 513 tantun

184 581 365 656 ferentias
395 577 591 682 specificas
620 579 737 652 unice
767 599 857 654 ante
882 582 1024 655 oculos

184 722 327 795 invitus
343 721 501 796 fortasse
519 739 558 793 et
576 720 716 791 inscius
738 720 832 820 ipse,
859 741 1103 796 scrutatorum

182 860 228 934 lis
254 861 351 936 adeo
377 859 573 943 subduxit,
600 878 656 940 ut,
683 878 887 960 systemate
913 862 988 941 illo
1013 864 1107 963 magis

183 1004 317 1105 gisqne
343 1003 560 1084 obtinente,
587 1002 805 1099 specierum
830 1001 1110 1079 oblectationem

184 1144 257 1218 tius
284 1170 399 1244 quam
424 1160 585 1217 naturae
611 1140 727 1240 ipsius
753 1167 885 1211 curam
902 1142 1054 1216 animos
1076 1142 1124 1215 ce'

182 1281 382 1356 fatendum
405 1281 467 1355 sit.
522 1283 619 1355 Nam
650 1282 870 1381 plantarum
893 1279 1070 1359 affinium

181 1448 276 1522 pere
302 1422 467 1517 intense
488 1422 778 1509 dissociatarum
796 1446 878 1493 non
903 1440 985 1494 tam
1011 1424 1115 1524 ingen'

183 1587 301 1660 quam
330 1562 541 1637 multitudo
575 1564 655 1636 sola
687 1558 860 1662 proxime
890 1560 1053 1636 arridet.

181 1728 272 1774 men
297 1702 356 1775 vir
386 1729 554 1776 summus
578 1703 722 1774 malum
754 1700 851 1774 illud
876 1701 1039 1776 incuriis
1065 1703 1114 1804 qu'

183 1842 332 1916 asseclis
358 1872 513 1945 parare,
553 1844 634 1946 ipse
659 1844 789 1919 subire
818 1869 899 1916 non
930 1845 1074 1944 potuit.
1113 1888 1116 1895 ·

184 1983 253 2065 atsi
278 1982 321 2067 in
344 1984 671 2083 praelectionibus
697 2009 828 2057 coram
852 1984 902 2068 cl,
925 1988 1113 2069 Fssmco,

184 2122 383 2222 tomslugo
405 2124 682 2211 celeberrimm
717 2151 822 2198 anno
852 2125 943 2223 1764
967 2121 1102 2215 habitis

183 2260 332 2347 minum
352 2252 585 2351 methodum
613 2265 718 2341 baud
747 2289 923 2352 secusne
948 2263 991 2353 iu
1018 2291 1062 2368 sy

184 2426 257 2484 suo
279 2403 488 2491 artificiali,
528 2433 550 2477 a
575 2405 781 2479 staminum
808 2428 971 2483 numero
1003 2405 1083 2504 peti
1127 2476 1130 2481 ,

183 2540 279 2621 adeo
305 2544 377 2627 sibi
402 2571 624 2647 persuasum
658 2541 857 2625 babuerit,
891 2561 937 2621 ut
966 2543 1098 2627 „inter

182 2681 287 2763 mina
317 2684 488 2761 uiaodra
516 2690 738 2761 Hammon
765 2703 804 2757 et
826 2683 1122 2773 Scusucnzsnot

183 2821 358 2919 pluribus
377 2824 455 2897 duo
478 2844 627 2898 tantum
647 2823 808 2897 stamina
834 2823 1054 2913 observasse
1076 2818 1142 2897 seb

182 2978 258 3032 stra
285 2965 555 3039 contendere“
575 2968 610 3067 *)
636 2972 802 3037 asserere
824 2989 903 3034 non
925 2961 1142 3055 dubitares*

99 3142 104 3151 ·
181 3127 270 3174 men
295 3103 498 3178 methodus
525 3106 607 3190 illa,
650 3133 766 3204 quam
790 3101 860 3174 sub
886 3104 1026 3178 summi
1046 3088 1142 3203 mapi

180 3240 363 3340 auspiciis
385 3246 641 3346 promulgavit
663 3246 712 3317 ol.
728 3247 843 3318 GAHN
867 3240 907 3315 in
921 3230 1142 3319 Amoenus

182 3378 272 3455 Vol.
303 3383 422 3471 VH..
463 3412 552 3459 sum
586 3385 689 3459 etin
720 3381 960 3484 graminibus
982 3377 1142 3486 digerenti

181 3520 383 3605 emendata
409 3543 449 3609 et
471 3544 646 3600 correcta
663 3529 762 3611 soi,
792 3525 1000 3599 constricta
1015 3527 1142 3613 Scuto(

247 3811 476 3876 *crumenam
489 3817 515 3867 in
528 3816 591 3869 Ord.
608 3827 660 3867 nat.
677 3817 712 3883 pl.
732 3817 772 3866 ed.
795 3816 833 3868 Gi
840 3817 928 3869 sete.
946 3836 973 3885 p.
988 3831 1046 3884 140.
1066 3817 1137 3868 ubist

286 3901 370 3948 tabula
388 3903 533 3953 oraminum
555 3906 689 3954 secundnm
711 3922 842 3954 numerum
860 3907 1003 3964 staminum,
1023 3905 1081 3954 dein
1096 3917 1142 3952 vero

285 3987 393 4037 mudum
411 3986 520 4057 calyccm
540 4004 637 4054 122»,
654 3990 696 4050 3-,
714 3993 889 4042 multi-florum
907 3993 1095 4058 dispositorum.
