<?xml version="1.0" encoding="UTF-8"?>
<!DOCTYPE html PUBLIC "-//W3C//DTD XHTML 1.0 Transitional//EN"
    "http://www.w3.org/TR/xhtml1/DTD/xhtml1-transitional.dtd">
<html xmlns="http://www.w3.org/1999/xhtml" xml:lang="en" lang="en">
 <head>
  <title>
</title>
<meta http-equiv="Content-Type" content="text/html;charset=utf-8" />
  <meta name='ocr-system' content='tesseract 3.04.00' />
  <meta name='ocr-capabilities' content='ocr_page ocr_carea ocr_par ocr_line ocrx_word'/>
</head>
<body>
  <div class='ocr_page' id='page_1' title='image "./degraminibusuni00tringoog_0018.png"; bbox 0 0 2550 4770; ppageno 0'>
   <div class='ocr_carea' id='block_1_1' title="bbox 370 302 1089 399">
    <p class='ocr_par' dir='ltr' id='par_1_1' title="bbox 370 302 1089 399">
     <span class='ocr_line' id='line_1_1' title="bbox 370 302 1089 399; baseline 0.001 -22"><span class='ocrx_word' id='word_1_1' title='bbox 370 327 402 386; x_wconf 67' lang='lat'>1,</span> <span class='ocrx_word' id='word_1_2' title='bbox 440 302 516 378; x_wconf 76' lang='lat' dir='ltr'>,Ad</span> <span class='ocrx_word' id='word_1_3' title='bbox 542 302 751 377; x_wconf 65' lang='lat' dir='ltr'>Ueturiam.</span> <span class='ocrx_word' id='word_1_4' title='bbox 793 361 796 366; x_wconf 44' lang='lat'>&gt;</span> <span class='ocrx_word' id='word_1_5' title='bbox 1048 333 1089 399; x_wconf 66' lang='lat' dir='ltr'>u,</span> 
     </span>
    </p>
   </div>
   <div class='ocr_carea' id='block_1_2' title="bbox 10 501 1090 1168">
    <p class='ocr_par' dir='ltr' id='par_1_2' title="bbox 10 501 1090 1168">
     <span class='ocr_line' id='line_1_2' title="bbox 10 501 1089 608; baseline -0.008 -28"><span class='ocrx_word' id='word_1_6' title='bbox 10 506 181 608; x_wconf 77' lang='lat' dir='ltr'>ipsum,</span> <span class='ocrx_word' id='word_1_7' title='bbox 210 533 256 579; x_wconf 84' lang='lat' dir='ltr'>ex</span> <span class='ocrx_word' id='word_1_8' title='bbox 280 501 511 580; x_wconf 84' lang='lat' dir='ltr'>internodiis</span> <span class='ocrx_word' id='word_1_9' title='bbox 539 502 817 603; x_wconf 80' lang='lat' dir='ltr'>compositum,</span> <span class='ocrx_word' id='word_1_10' title='bbox 850 522 990 579; x_wconf 88' lang='lat' dir='ltr'>natura</span> <span class='ocrx_word' id='word_1_11' title='bbox 1015 503 1089 581; x_wconf 71' lang='lat' dir='ltr'>flo.</span> 
     </span>
     <span class='ocr_line' id='line_1_3' title="bbox 10 644 1090 750; baseline 0.005 -32"><span class='ocrx_word' id='word_1_12' title='bbox 10 647 82 718; x_wconf 87' lang='lat' dir='ltr'>ris</span> <span class='ocrx_word' id='word_1_13' title='bbox 110 647 333 748; x_wconf 89' lang='lat' dir='ltr'>praeditum</span> <span class='ocrx_word' id='word_1_14' title='bbox 361 671 441 719; x_wconf 90' lang='lat' dir='ltr'>esse</span> <span class='ocrx_word' id='word_1_15' title='bbox 467 671 626 720; x_wconf 86' lang='lat' dir='ltr'>censere</span> <span class='ocrx_word' id='word_1_16' title='bbox 652 644 705 720; x_wconf 84' lang='lat' dir='ltr'>fas</span> <span class='ocrx_word' id='word_1_17' title='bbox 733 662 801 729; x_wconf 84' lang='lat' dir='ltr'>est,</span> <span class='ocrx_word' id='word_1_18' title='bbox 830 644 909 720; x_wconf 81' lang='lat' dir='ltr'>sire</span> <span class='ocrx_word' id='word_1_19' title='bbox 934 667 1090 750; x_wconf 79' lang='lat' dir='ltr'>vegeta-</span> 
     </span>
     <span class='ocr_line' id='line_1_4' title="bbox 10 785 1088 887; baseline 0.003 -29"><span class='ocrx_word' id='word_1_20' title='bbox 10 785 132 870; x_wconf 83' lang='lat' dir='ltr'>bile,</span> <span class='ocrx_word' id='word_1_21' title='bbox 162 786 204 860; x_wconf 90' lang='lat' dir='ltr'>in</span> <span class='ocrx_word' id='word_1_22' title='bbox 232 815 311 887; x_wconf 86' lang='lat' dir='ltr'>quo</span> <span class='ocrx_word' id='word_1_23' title='bbox 337 786 408 860; x_wconf 88' lang='lat' dir='ltr'>flos</span> <span class='ocrx_word' id='word_1_24' title='bbox 434 814 530 871; x_wconf 89' lang='lat' dir='ltr'>non,</span> <span class='ocrx_word' id='word_1_25' title='bbox 558 803 604 860; x_wconf 89' lang='lat' dir='ltr'>ut</span> <span class='ocrx_word' id='word_1_26' title='bbox 628 787 668 859; x_wconf 89' lang='lat' dir='ltr'>in</span> <span class='ocrx_word' id='word_1_27' title='bbox 695 785 878 859; x_wconf 87' lang='lat' dir='ltr'>altiorum</span> <span class='ocrx_word' id='word_1_28' title='bbox 904 785 1088 863; x_wconf 86' lang='lat' dir='ltr'>ordinum</span> 
     </span>
     <span class='ocr_line' id='line_1_5' title="bbox 10 910 1088 1028; baseline 0 -27"><span class='ocrx_word' id='word_1_29' title='bbox 10 928 349 1028; x_wconf 55' lang='lat' dir='ltr'>vegetabilibus„</span> <span class='ocrx_word' id='word_1_30' title='bbox 368 927 545 1003; x_wconf 88' lang='lat' dir='ltr'>omnium</span> <span class='ocrx_word' id='word_1_31' title='bbox 577 925 747 1026; x_wconf 89' lang='lat' dir='ltr'>partium</span> <span class='ocrx_word' id='word_1_32' title='bbox 778 910 1088 1028; x_wconf 84' lang='lat' dir='ltr'>conspirantium</span> 
     </span>
     <span class='ocr_line' id='line_1_6' title="bbox 27 1065 1083 1168; baseline 0.002 -27"><span class='ocrx_word' id='word_1_33' title='bbox 27 1070 149 1168; x_wconf 84' lang='lat' dir='ltr'>quasi</span> <span class='ocrx_word' id='word_1_34' title='bbox 167 1069 445 1149; x_wconf 84' lang='lat' dir='ltr'>culminatione</span> <span class='ocrx_word' id='word_1_35' title='bbox 459 1066 638 1151; x_wconf 81' lang='lat' dir='ltr'>efficitur,</span> <span class='ocrx_word' id='word_1_36' title='bbox 659 1068 869 1168; x_wconf 87' lang='lat' dir='ltr'>amploque</span> <span class='ocrx_word' id='word_1_37' title='bbox 883 1065 1083 1153; x_wconf 82' lang='lat' dir='ltr'>foliorum.</span> 
     </span>
    </p>
   </div>
   <div class='ocr_carea' id='block_1_3' title="bbox 24 1209 1082 1313">
    <p class='ocr_par' dir='ltr' id='par_1_3' title="bbox 24 1209 1082 1313">
     <span class='ocr_line' id='line_1_7' title="bbox 24 1209 1082 1313; baseline 0.004 -32"><span class='ocrx_word' id='word_1_38' title='bbox 24 1209 158 1283; x_wconf 82' lang='lat' dir='ltr'>forma</span> <span class='ocrx_word' id='word_1_39' title='bbox 183 1237 298 1313; x_wconf 87' lang='lat' dir='ltr'><strong>saepe</strong></span> <span class='ocrx_word' id='word_1_40' title='bbox 325 1210 557 1288; x_wconf 78' lang='lat' dir='ltr'>alienissima</span> <span class='ocrx_word' id='word_1_41' title='bbox 574 1209 860 1291; x_wconf 67' lang='lat' dir='ltr'>distinctorum</span> <span class='ocrx_word' id='word_1_42' title='bbox 889 1209 1082 1311; x_wconf 80' lang='lat' dir='ltr'>calycum.</span> 
     </span>
    </p>
   </div>
   <div class='ocr_carea' id='block_1_4' title="bbox 26 1350 1230 1453">
    <p class='ocr_par' dir='ltr' id='par_1_4' title="bbox 26 1350 1230 1453">
     <span class='ocr_line' id='line_1_8' title="bbox 26 1350 1230 1453; baseline 0.003 -31"><span class='ocrx_word' id='word_1_43' title='bbox 26 1353 278 1453; x_wconf 82' lang='lat' dir='ltr'>stipularum,</span> <span class='ocrx_word' id='word_1_44' title='bbox 306 1353 552 1426; x_wconf 85' lang='lat' dir='ltr'>bractearum</span> <span class='ocrx_word' id='word_1_45' title='bbox 569 1351 864 1448; x_wconf 83' lang='lat' dir='ltr'>fulcrorumque</span> <span class='ocrx_word' id='word_1_46' title='bbox 882 1350 1010 1424; x_wconf 80' lang='lat' dir='ltr'>variae</span> <span class='ocrx_word' id='word_1_47' title='bbox 1032 1351 1086 1427; x_wconf 85' lang='lat' dir='ltr'>in·</span> <span class='ocrx_word' id='word_1_48' title='bbox 1127 1373 1129 1379; x_wconf 87' lang='grc'><strong><em>·</em></strong></span> <span class='ocrx_word' id='word_1_49' title='bbox 1226 1406 1230 1413; x_wconf 80' lang='lat'><em>·</em></span> 
     </span>
    </p>
   </div>
   <div class='ocr_carea' id='block_1_5' title="bbox 23 1490 1241 3287">
    <p class='ocr_par' dir='ltr' id='par_1_5' title="bbox 27 1490 1198 2305">
     <span class='ocr_line' id='line_1_9' title="bbox 31 1490 1087 1597; baseline 0.004 -32"><span class='ocrx_word' id='word_1_50' title='bbox 31 1490 133 1566; x_wconf 91' lang='lat' dir='ltr'>dolis</span> <span class='ocrx_word' id='word_1_51' title='bbox 160 1512 350 1597; x_wconf 85' lang='lat' dir='ltr'>apparatu</span> <span class='ocrx_word' id='word_1_52' title='bbox 375 1492 563 1596; x_wconf 81' lang='lat' dir='ltr'>gradatim</span> <span class='ocrx_word' id='word_1_53' title='bbox 589 1509 862 1592; x_wconf 63' lang='lat' dir='ltr'>praeparatum</span> <span class='ocrx_word' id='word_1_54' title='bbox 891 1490 959 1564; x_wconf 89' lang='lat' dir='ltr'>sed</span> <span class='ocrx_word' id='word_1_55' title='bbox 975 1519 1087 1595; x_wconf 80' lang='lat' dir='ltr'>vege·</span> 
     </span>
     <span class='ocr_line' id='line_1_10' title="bbox 37 1606 1198 1739; baseline 0.007 -35"><span class='ocrx_word' id='word_1_56' title='bbox 37 1634 178 1718; x_wconf 80' lang='lat' dir='ltr'>tabile‚</span> <span class='ocrx_word' id='word_1_57' title='bbox 216 1606 327 1738; x_wconf 78' lang='lat' dir='ltr'>quod</span> <span class='ocrx_word' id='word_1_58' title='bbox 356 1662 429 1739; x_wconf 88' lang='lat' dir='ltr'>per</span> <span class='ocrx_word' id='word_1_59' title='bbox 459 1658 592 1707; x_wconf 89' lang='lat' dir='ltr'>omnes</span> <span class='ocrx_word' id='word_1_60' title='bbox 623 1656 707 1705; x_wconf 89' lang='lat' dir='ltr'>suas</span> <span class='ocrx_word' id='word_1_61' title='bbox 737 1615 865 1732; x_wconf 78' lang='lat' dir='ltr'>partes</span> <span class='ocrx_word' id='word_1_62' title='bbox 896 1631 1082 1737; x_wconf 82' lang='lat' dir='ltr'>homoge·</span> <span class='ocrx_word' id='word_1_63' title='bbox 1157 1642 1161 1647; x_wconf 48' lang='lat'><strong>⁴</strong></span> <span class='ocrx_word' id='word_1_64' title='bbox 1197 1664 1198 1670; x_wconf 51' lang='lat'>¹</span> 
     </span>
     <span class='ocr_line' id='line_1_11' title="bbox 30 1742 1128 1876; baseline 0.005 -30"><span class='ocrx_word' id='word_1_65' title='bbox 30 1800 124 1848; x_wconf 89' lang='lat' dir='ltr'>neas</span> <span class='ocrx_word' id='word_1_66' title='bbox 150 1774 250 1848; x_wconf 91' lang='lat' dir='ltr'>nihil</span> <span class='ocrx_word' id='word_1_67' title='bbox 275 1776 349 1850; x_wconf 87' lang='lat' dir='ltr'>nisi</span> <span class='ocrx_word' id='word_1_68' title='bbox 361 1742 365 1751; x_wconf 13' lang='lat' dir='ltr'>&#39;i</span> <span class='ocrx_word' id='word_1_69' title='bbox 375 1775 584 1876; x_wconf 90' lang='lat' dir='ltr'>ipsissimus</span> <span class='ocrx_word' id='word_1_70' title='bbox 608 1772 679 1847; x_wconf 92' lang='lat' dir='ltr'>ssos</span> <span class='ocrx_word' id='word_1_71' title='bbox 705 1791 780 1857; x_wconf 81' lang='lat' dir='ltr'>est,</span> <span class='ocrx_word' id='word_1_72' title='bbox 808 1773 878 1856; x_wconf 79' lang='lat' dir='ltr'>ita,</span> <span class='ocrx_word' id='word_1_73' title='bbox 907 1793 951 1848; x_wconf 92' lang='lat' dir='ltr'>ut</span> <span class='ocrx_word' id='word_1_74' title='bbox 976 1776 1085 1876; x_wconf 85' lang='lat' dir='ltr'>ipsae</span> <span class='ocrx_word' id='word_1_75' title='bbox 1125 1871 1128 1875; x_wconf 15' lang='grc'><strong>,</strong></span> 
     </span>
     <span class='ocr_line' id='line_1_12' title="bbox 29 1892 1146 2020; baseline 0.007 -35"><span class='ocrx_word' id='word_1_76' title='bbox 29 1939 214 2014; x_wconf 86' lang='lat' dir='ltr'>squamae</span> <span class='ocrx_word' id='word_1_77' title='bbox 241 1917 429 2008; x_wconf 86' lang='lat' dir='ltr'>radicales</span> <span class='ocrx_word' id='word_1_78' title='bbox 461 1916 580 2014; x_wconf 67' lang='lat' dir='ltr'>(sicut</span> <span class='ocrx_word' id='word_1_79' title='bbox 604 1915 645 1988; x_wconf 92' lang='lat' dir='ltr'>in</span> <span class='ocrx_word' id='word_1_80' title='bbox 670 1914 780 1991; x_wconf 85' lang='lat' dir='ltr'>Milio</span> <span class='ocrx_word' id='word_1_81' title='bbox 807 1892 1118 2020; x_wconf 66' lang='lat' dir='ltr'>amphicarpo).3‘</span> <span class='ocrx_word' id='word_1_82' title='bbox 1144 1964 1146 1968; x_wconf 94' lang='lat'>·</span> 
     </span>
     <span class='ocr_line' id='line_1_13' title="bbox 27 2055 1083 2158; baseline 0.005 -30"><span class='ocrx_word' id='word_1_83' title='bbox 27 2055 257 2155; x_wconf 88' lang='lat' dir='ltr'>pedunculo</span> <span class='ocrx_word' id='word_1_84' title='bbox 283 2059 366 2131; x_wconf 90' lang='lat' dir='ltr'>solo</span> <span class='ocrx_word' id='word_1_85' title='bbox 393 2076 542 2158; x_wconf 82' lang='lat' dir='ltr'>egeant,</span> <span class='ocrx_word' id='word_1_86' title='bbox 572 2056 668 2156; x_wconf 87' lang='lat' dir='ltr'>quin</span> <span class='ocrx_word' id='word_1_87' title='bbox 686 2057 729 2131; x_wconf 86' lang='lat' dir='ltr'>in</span> <span class='ocrx_word' id='word_1_88' title='bbox 748 2055 864 2135; x_wconf 82' lang='lat' dir='ltr'>flores</span> <span class='ocrx_word' id='word_1_89' title='bbox 885 2057 1083 2156; x_wconf 83' lang='lat' dir='ltr'>perfectis·</span> 
     </span>
     <span class='ocr_line' id='line_1_14' title="bbox 28 2194 1147 2305; baseline 0.004 -38"><span class='ocrx_word' id='word_1_90' title='bbox 28 2197 148 2269; x_wconf 90' lang='lat' dir='ltr'>simos</span> <span class='ocrx_word' id='word_1_91' title='bbox 174 2214 493 2272; x_wconf 83' lang='lat' dir='ltr'>transmutentur.</span> <span class='ocrx_word' id='word_1_92' title='bbox 546 2195 649 2270; x_wconf 90' lang='lat' dir='ltr'>Illud</span> <span class='ocrx_word' id='word_1_93' title='bbox 674 2194 806 2297; x_wconf 80' lang='lat' dir='ltr'>itaque</span> <span class='ocrx_word' id='word_1_94' title='bbox 831 2194 876 2268; x_wconf 84' lang='lat' dir='ltr'>de</span> <span class='ocrx_word' id='word_1_95' title='bbox 894 2197 1087 2274; x_wconf 60' lang='lat' dir='ltr'>Gramina.</span> <span class='ocrx_word' id='word_1_96' title='bbox 1145 2302 1147 2305; x_wconf 12' lang='lat' dir='ltr'>v</span> 
     </span>
    </p>

    <p class='ocr_par' dir='ltr' id='par_1_6' title="bbox 23 2314 1241 3287">
     <span class='ocr_line' id='line_1_15' title="bbox 32 2333 1241 2440; baseline 0.012 -38"><span class='ocrx_word' id='word_1_97' title='bbox 32 2333 102 2404; x_wconf 82' lang='lat' dir='ltr'>bus</span> <span class='ocrx_word' id='word_1_98' title='bbox 126 2342 165 2408; x_wconf 83' lang='lat' dir='ltr'>in</span> <span class='ocrx_word' id='word_1_99' title='bbox 175 2335 394 2432; x_wconf 77' lang='lat' dir='ltr'>formarum</span> <span class='ocrx_word' id='word_1_100' title='bbox 418 2338 671 2440; x_wconf 78' lang='lat' dir='ltr'>vegetabilium</span> <span class='ocrx_word' id='word_1_101' title='bbox 695 2342 789 2410; x_wconf 85' lang='lat' dir='ltr'>serie</span> <span class='ocrx_word' id='word_1_102' title='bbox 796 2338 918 2427; x_wconf 78' lang='lat' dir='ltr'>floris</span> <span class='ocrx_word' id='word_1_103' title='bbox 941 2354 1081 2416; x_wconf 80' lang='lat' dir='ltr'>natum</span> <span class='ocrx_word' id='word_1_104' title='bbox 1238 2382 1241 2388; x_wconf 21' lang='grc' dir='ltr'><strong>Δ</strong></span> 
     </span>
     <span class='ocr_line' id='line_1_16' title="bbox 27 2478 1080 2582; baseline 0.009 -32"><span class='ocrx_word' id='word_1_105' title='bbox 27 2481 187 2578; x_wconf 80' lang='lat' dir='ltr'>simplici</span> <span class='ocrx_word' id='word_1_106' title='bbox 198 2480 378 2580; x_wconf 81' lang='lat' dir='ltr'>praeditis</span> <span class='ocrx_word' id='word_1_107' title='bbox 396 2481 537 2579; x_wconf 82' lang='lat' dir='ltr'>(Fund.</span> <span class='ocrx_word' id='word_1_108' title='bbox 551 2490 652 2582; x_wconf 83' lang='lat' dir='ltr'>Agr.</span> <span class='ocrx_word' id='word_1_109' title='bbox 670 2508 712 2579; x_wconf 88' lang='lat' dir='ltr'>p.</span> <span class='ocrx_word' id='word_1_110' title='bbox 727 2478 808 2578; x_wconf 83' lang='lat'><strong>59.)</strong></span> <span class='ocrx_word' id='word_1_111' title='bbox 825 2503 940 2553; x_wconf 88' lang='lat' dir='ltr'>sensu</span> <span class='ocrx_word' id='word_1_112' title='bbox 961 2509 1080 2581; x_wconf 87' lang='lat' dir='ltr'>quam</span> 
     </span>
     <span class='ocr_line' id='line_1_17' title="bbox 25 2619 1075 2725; baseline 0.008 -36"><span class='ocrx_word' id='word_1_113' title='bbox 25 2620 194 2695; x_wconf 82' lang='lat' dir='ltr'>maxime</span> <span class='ocrx_word' id='word_1_114' title='bbox 211 2623 374 2725; x_wconf 88' lang='lat' dir='ltr'>proprio</span> <span class='ocrx_word' id='word_1_115' title='bbox 395 2648 469 2696; x_wconf 85' lang='lat' dir='ltr'>neo</span> <span class='ocrx_word' id='word_1_116' title='bbox 498 2622 703 2722; x_wconf 77' lang='lat' dir='ltr'>„allegoria</span> <span class='ocrx_word' id='word_1_117' title='bbox 724 2619 1075 2719; x_wconf 84' lang='lat' dir='ltr'>quadamludicra“</span> 
     </span>
     <span class='ocr_line' id='line_1_18' title="bbox 23 2758 1079 2856; baseline 0.007 -26"><span class='ocrx_word' id='word_1_118' title='bbox 23 2758 178 2835; x_wconf 84' lang='lat' dir='ltr'>dictum</span> <span class='ocrx_word' id='word_1_119' title='bbox 212 2763 312 2856; x_wconf 86' lang='lat' dir='ltr'>fuit;</span> <span class='ocrx_word' id='word_1_120' title='bbox 359 2763 508 2837; x_wconf 84' lang='lat' dir='ltr'>scilicet</span> <span class='ocrx_word' id='word_1_121' title='bbox 544 2778 681 2836; x_wconf 85' lang='lat' dir='ltr'>auctor</span> <span class='ocrx_word' id='word_1_122' title='bbox 717 2759 1079 2854; x_wconf 82' lang='lat' dir='ltr'>Fundamentorum</span> 
     </span>
     <span class='ocr_line' id='line_1_19' title="bbox 24 2902 1080 3007; baseline 0.006 -32"><span class='ocrx_word' id='word_1_123' title='bbox 24 2902 401 3006; x_wconf 77' lang='lat' dir='ltr'>Agrostographiae‚</span> <span class='ocrx_word' id='word_1_124' title='bbox 428 2921 474 2978; x_wconf 91' lang='lat' dir='ltr'>ut</span> <span class='ocrx_word' id='word_1_125' title='bbox 499 2930 768 3004; x_wconf 81' lang='lat' dir='ltr'>quaecumque</span> <span class='ocrx_word' id='word_1_126' title='bbox 792 2902 989 3005; x_wconf 89' lang='lat' dir='ltr'>scripserit</span> <span class='ocrx_word' id='word_1_127' title='bbox 1012 2933 1080 3007; x_wconf 81' lang='lat' dir='ltr'>pa-</span> 
     </span>
     <span class='ocr_line' id='line_1_20' title="bbox 24 3039 1079 3147; baseline 0.011 -38"><span class='ocrx_word' id='word_1_128' title='bbox 24 3039 104 3114; x_wconf 88' lang='lat' dir='ltr'>lam</span> <span class='ocrx_word' id='word_1_129' title='bbox 128 3042 256 3120; x_wconf 84' lang='lat' dir='ltr'>facere</span> <span class='ocrx_word' id='word_1_130' title='bbox 282 3064 481 3147; x_wconf 80' lang='lat' dir='ltr'>poterunt,</span> <span class='ocrx_word' id='word_1_131' title='bbox 509 3063 587 3119; x_wconf 89' lang='lat' dir='ltr'>tam</span> <span class='ocrx_word' id='word_1_132' title='bbox 612 3062 668 3119; x_wconf 92' lang='lat' dir='ltr'>est</span> <span class='ocrx_word' id='word_1_133' title='bbox 692 3043 996 3146; x_wconf 83' lang='lat' dir='ltr'>Physiosophiae</span> <span class='ocrx_word' id='word_1_134' title='bbox 1021 3048 1079 3121; x_wconf 73' lang='lat' dir='ltr'>lu·</span> 
     </span>
     <span class='ocr_line' id='line_1_21' title="bbox 25 3182 1075 3287; baseline 0.008 -32"><span class='ocrx_word' id='word_1_135' title='bbox 25 3182 160 3258; x_wconf 90' lang='lat' dir='ltr'>dicrae</span> <span class='ocrx_word' id='word_1_136' title='bbox 195 3206 420 3261; x_wconf 86' lang='lat' dir='ltr'>nostrorum</span> <span class='ocrx_word' id='word_1_137' title='bbox 456 3205 677 3287; x_wconf 87' lang='lat' dir='ltr'>temporum</span> <span class='ocrx_word' id='word_1_138' title='bbox 709 3184 911 3269; x_wconf 85' lang='lat' dir='ltr'>inimicus,</span> <span class='ocrx_word' id='word_1_139' title='bbox 957 3212 1075 3286; x_wconf 88' lang='lat' dir='ltr'>quam</span> 
     </span>
    </p>
   </div>
   <div class='ocr_carea' id='block_1_6' title="bbox 24 3324 297 3424">
    <p class='ocr_par' dir='ltr' id='par_1_7' title="bbox 24 3324 297 3424">
     <span class='ocr_line' id='line_1_22' title="bbox 24 3324 297 3424; baseline 0.011 -27"><span class='ocrx_word' id='word_1_140' title='bbox 24 3324 97 3424; x_wconf 79' lang='lat' dir='ltr'>qui</span> <span class='ocrx_word' id='word_1_141' title='bbox 121 3328 297 3403; x_wconf 80' lang='lat' dir='ltr'>maxime.</span> 
     </span>
    </p>
   </div>
   <div class='ocr_carea' id='block_1_7' title="bbox 491 3568 603 3669">
    <p class='ocr_par' dir='ltr' id='par_1_8' title="bbox 491 3568 603 3669">
     <span class='ocr_line' id='line_1_23' title="bbox 491 3568 603 3669; baseline 0 -27"><span class='ocrx_word' id='word_1_142' title='bbox 491 3570 531 3669; x_wconf 71' lang='lat' dir='ltr'>g.</span> <span class='ocrx_word' id='word_1_143' title='bbox 566 3568 603 3642; x_wconf 85' lang='lat'>5.</span> 
     </span>
    </p>
   </div>
   <div class='ocr_carea' id='block_1_8' title="bbox 16 3749 1070 3996">
    <p class='ocr_par' dir='ltr' id='par_1_9' title="bbox 16 3749 1070 3996">
     <span class='ocr_line' id='line_1_24' title="bbox 119 3749 1069 3856; baseline 0.004 -30"><span class='ocrx_word' id='word_1_144' title='bbox 119 3751 302 3829; x_wconf 75' lang='lat' dir='ltr'>Alterum</span> <span class='ocrx_word' id='word_1_145' title='bbox 336 3754 444 3856; x_wconf 90' lang='lat' dir='ltr'>quod</span> <span class='ocrx_word' id='word_1_146' title='bbox 475 3749 740 3856; x_wconf 88' lang='lat' dir='ltr'>Epiphystidis</span> <span class='ocrx_word' id='word_1_147' title='bbox 777 3753 1069 3831; x_wconf 85' lang='lat' dir='ltr'>constructione</span> 
     </span>
     <span class='ocr_line' id='line_1_25' title="bbox 16 3887 1070 3996; baseline 0.008 -37"><span class='ocrx_word' id='word_1_148' title='bbox 16 3887 302 3992; x_wconf 82' lang='lat' dir='ltr'>simplicissima</span> <span class='ocrx_word' id='word_1_149' title='bbox 320 3893 520 3981; x_wconf 81' lang='lat' dir='ltr'>docemur,</span> <span class='ocrx_word' id='word_1_150' title='bbox 546 3891 623 3967; x_wconf 87' lang='lat' dir='ltr'>hoo</span> <span class='ocrx_word' id='word_1_151' title='bbox 638 3910 710 3971; x_wconf 79' lang='lat' dir='ltr'>est:</span> <span class='ocrx_word' id='word_1_152' title='bbox 739 3917 870 3966; x_wconf 89' lang='lat' dir='ltr'>semen</span> <span class='ocrx_word' id='word_1_153' title='bbox 888 3917 967 3967; x_wconf 87' lang='lat' dir='ltr'>esse</span> <span class='ocrx_word' id='word_1_154' title='bbox 984 3918 1070 3996; x_wconf 76' lang='lat' dir='ltr'>pro·</span> 
     </span>
    </p>
   </div>
   <div class='ocr_carea' id='block_1_9' title="bbox 19 4026 1071 4136">
    <p class='ocr_par' dir='ltr' id='par_1_10' title="bbox 19 4026 1071 4136">
     <span class='ocr_line' id='line_1_26' title="bbox 19 4026 1071 4136; baseline -0.005 -25"><span class='ocrx_word' id='word_1_155' title='bbox 19 4026 249 4111; x_wconf 78' lang='lat' dir='ltr'>ductionem</span> <span class='ocrx_word' id='word_1_156' title='bbox 274 4036 411 4135; x_wconf 81' lang='lat' dir='ltr'>culmi3</span> <span class='ocrx_word' id='word_1_157' title='bbox 445 4035 524 4110; x_wconf 77' lang='lat' dir='ltr'>tire</span> <span class='ocrx_word' id='word_1_158' title='bbox 550 4032 724 4136; x_wconf 84' lang='lat' dir='ltr'>ejusdem</span> <span class='ocrx_word' id='word_1_159' title='bbox 755 4031 1071 4118; x_wconf 74' lang='lat' dir='ltr'>internodiorum</span> 
     </span>
    </p>
   </div>
   <div class='ocr_carea' id='block_1_10' title="bbox 0 0 1280 4770">
    <p class='ocr_par' dir='ltr' id='par_1_11' title="bbox 0 0 1280 4770">
     <span class='ocr_line' id='line_1_27' title="bbox 0 0 1280 4770; baseline 0 2"><span class='ocrx_word' id='word_1_160' title='bbox 0 0 1280 4770; x_wconf 95' lang='lat' dir='ltr'> </span> 
     </span>
    </p>
   </div>
  </div>
 </body>
</html>
