2654 4776
317 476 518 581 parandas
544 474 640 589 milgi
665 473 891 556 desiderari
922 499 1036 572 quam
1061 490 1104 546 ut
1126 471 1262 545 seriem
1292 496 1327 542 cc

329 619 478 693 tinuam
504 615 789 698 definitionum,
821 641 920 715 quae
942 613 1158 687 necessario
1183 637 1323 712 compa

328 758 428 838 tivae
456 784 535 832 esse
562 756 724 841 debent,
770 754 1033 828 concinnandi
1059 773 1115 827 sat
1140 751 1321 826 auctorit

329 899 544 973 etiamnum
568 897 664 972 mihi
691 897 865 970 tribuere
891 895 1088 969 auderem.

427 1184 586 1282 ltaque,
631 1206 707 1279 qua
737 1179 798 1253 via
828 1166 1031 1277 hucusque
1063 1170 1252 1277 ingressus
1279 1199 1323 1249 su

331 1340 445 1397 cauto
473 1319 633 1422 quidem
660 1340 698 1394 et
724 1318 906 1404 tardiori,
936 1317 1081 1392 tutiori
1108 1337 1234 1391 tamen
1263 1345 1327 1418 pet

326 1462 492 1537 ulterius
516 1479 800 1562 progressurus,
829 1461 936 1561 prius
961 1474 1076 1560 quam
1099 1478 1222 1532 totum
1246 1485 1327 1557 grm

330 1631 426 1695 num
443 1629 580 1705 agmen
599 1602 639 1674 in
656 1622 781 1676 unum
803 1628 899 1702 opus
922 1627 1132 1701 congerere
1158 1592 1324 1700 suscipia

266 1802 268 1806 »
327 1744 477 1847 species
505 1769 579 1837 eas,
610 1771 775 1845 quarum
799 1735 946 1844 integra
973 1759 1011 1815 et
1035 1741 1084 1814 ad
1109 1741 1266 1842 plantae
1293 1741 1304 1811 i

331 1885 458 1986 ginetn
478 1883 651 1986 perfecte
671 1883 911 1956 reddendam
928 1871 1121 1985 aptissima
1140 1881 1273 1957 videre
1294 1909 1327 1955 ct

333 2024 418 2127 tigit
443 2024 671 2126 specimina,
701 2025 886 2124 singulm,
920 2025 1099 2097 iconibus
1125 2023 1199 2097 rite
1226 2051 1320 2124 cxpr

330 2188 406 2250 sas,
447 2164 670 2266 anelysibus
698 2183 736 2239 et
766 2163 1095 2266 descriptionibus
1126 2182 1257 2238 exacte
1291 2164 1317 2236 il

329 2322 480 2389 stram,
515 2304 757 2406 pedetentim
784 2305 960 2406 quidem,
994 2305 1062 2379 sed
1087 2306 1233 2406 absque
1260 2306 1321 2380 int

329 2445 532 2549 ruptione,
574 2445 628 2518 ita
657 2444 772 2520 edere
797 2446 893 2519 mihi
919 2445 1128 2549 proposui,
1162 2466 1227 2532 ut,
1265 2473 1327 2548 qu

323 2560 556 2681 ⁸brevissimo
588 2584 672 2660 fieri
704 2605 835 2688 posset
865 2607 1058 2662 annorum
1084 2587 1226 2689 spatio,
1264 2589 1323 2664 Gr

328 2727 581 2835 minarium
612 2727 703 2820 inde
730 2730 871 2814 exiret,
914 2756 992 2830 quo
1019 2729 1103 2830 ipso
1131 2728 1289 2829 tandem
1320 2781 1326 2793 ‚

330 2864 515 2944 solvenda
540 2867 822 2971 monographia
851 2871 992 2944 sensim
1016 2890 1318 2972 praepareretur

430 3155 519 3230 Jam
537 3147 696 3250 quidem
722 3149 762 3224 in
787 3179 833 3226 eo
856 3179 939 3229 sum
965 3171 1010 3227 ut
1035 3138 1109 3227 hoc
1136 3140 1315 3255 proposit

330 3314 529 3402 peragam,
561 3289 716 3392 jamque
739 3294 885 3394 primus
912 3294 1067 3367 illarum
1092 3297 1253 3368 iconum
1278 3293 1327 3365 fa

332 3430 441 3504 culus
461 3457 507 3504 ex
525 3431 681 3507 officina
699 3433 983 3537 lithographica
1008 3434 1168 3534 prodiit.
1218 3438 1272 3511 At
1291 3465 1315 3537 q

330 3569 437 3645 niam
461 3571 501 3645 in
525 3573 684 3675 singulis
711 3576 942 3678 propediem
969 3575 1209 3650 edendarum
1238 3577 1327 3651 des

330 3709 546 3813 ptionibus‚
568 3735 928 3819 quantumcumque
945 3718 1091 3818 species
1106 3718 1204 3820 ipsas
1223 3719 1327 3792 illus·

330 3846 448 3938 bunt,
476 3855 724 3961 neutiquam,
754 3886 827 3932 nec
854 3857 1031 3931 detribu
1057 3886 1278 3960 genereque
1311 3894 1327 3953 u

299 4078 304 4087 Ι
332 3984 422 4091 illae
435 3993 665 4093 referendae
684 4018 811 4086 erunt,
832 4025 906 4073 nec
925 3997 973 4074 de
992 4000 1208 4077 rationibus
1227 4001 1295 4076 tali
1320 4033 1327 4063 ι
