2654 4776
294 333 338 385 ιι.
390 312 461 392 Ad
484 312 803 414 Terminologiom.
1027 323 1075 416 39
1122 358 1125 363 ·

17 535 95 613 pse
121 511 300 597 evoluta,
336 539 434 586 cum
465 511 525 584 axi
551 513 690 602 coalita
714 513 843 587 lateat.
882 557 932 570 —
967 515 1073 590 Neu-

10 554 127 767 htmm
152 650 328 752 denique
352 649 494 725 horum
520 671 718 753 generum,
746 653 876 754 quoad
900 654 1074 730 inflores·
1139 730 1143 740 ,

10 768 205 905 peritiam,
236 819 328 866 cum
352 793 491 894 Crypsi
513 811 552 866 et
567 793 715 867 Setaria
740 797 956 898 comparari
981 823 1070 896 pos·

39 948 90 1014 tt,
122 957 205 1006 non
234 951 292 1008 cst
318 931 424 1032 quod
448 930 568 1007 fusius
594 960 797 1035 exponam,

361 1105 371 1138 t

13 1212 33 1275 a·
478 1173 518 1274 S·
561 1177 599 1254 6.

10 1288 27 1409 i
128 1358 266 1461 spicae
292 1353 461 1445 tandem,
487 1378 533 1434 ut
557 1360 738 1446 audiunt,
766 1358 959 1437 Chloridis
983 1357 1070 1444 rel„

45 1499 201 1599 ’quamvis
227 1500 347 1574 Nardi
374 1501 493 1574 instar
515 1529 597 1575 uno
623 1520 774 1576 tantum
800 1502 921 1576 latere
947 1525 1074 1574 exser-

61 1657 108 1714 tos
127 1641 243 1728 flores,
272 1633 427 1717 densius
455 1638 626 1741 quidem,
655 1661 823 1718 attamen
846 1643 1074 1742 regulariter

59 1776 235 1882 dispositos
260 1786 416 1883 gerunt,
446 1781 496 1854 ob
524 1780 686 1856 eandem
711 1810 734 1855 a
759 1781 894 1883 glumis
920 1783 1073 1857 desum-

46 1935 114 1994 ·tam
137 1949 288 1996 causam
312 1949 394 1997 non
413 1948 501 1996 cum
527 1923 646 1997 Nardi
672 1923 960 1997 inflorescentia
986 1949 1075 1997 con·
1199 1962 1201 1966 ⁴

52 2059 142 2136 fundi
166 2080 368 2165 poterunt.
419 2063 578 2138 Glumas
605 2064 710 2139 enim
734 2064 975 2166 singulorum
999 2063 1075 2138 ss0r

51 2228 122 2275 rum
147 2192 513 2290 exteriores,ut
542 2178 587 2278 in·
615 2204 743 2290 Lolio,
784 2205 1072 2307 superiores,
1163 2197 1166 2201 ¹

60 2339 235 2420 inferiores
260 2371 354 2420 vero
372 2346 432 2428 axi
454 2345 649 2448 adpressas
674 2345 835 2421 habent.
854 2390 903 2403 -
919 2348 974 2419 Ex
987 2349 1076 2447 qui-

56 2481 107 2559 hus
123 2487 305 2561 omnibus
325 2487 635 2587 terminologiam
655 2513 728 2588 pro
748 2505 826 2561 tam
844 2486 1002 2561 diversis
1020 2488 1076 2562 in-

48 2623 302 2703 durescentiae
336 2604 690 2702 modificationibus
723 2629 944 2729 propriam,
991 2655 1075 2703 non
1116 2619 1119 2623 ⁹

46 2768 157 2841 solum
176 2768 225 2849 ab
247 2768 329 2870 ipsa
354 2788 493 2849 natura
513 2769 680 2858 fideliter
704 2768 979 2869 investiganda,
1007 2768 1076 2843 sed

48 2925 173 2982 atanta
190 2913 358 3008 quoque
370 2935 557 3009 generum
574 2904 871 3010 specierumque
889 2926 978 3010 post
990 2914 1075 2983 Ln-

56 3067 294 3124 semuncta
314 3050 565 3125 multitudine
590 3048 664 3125 rite
690 3050 973 3151 commodeque
999 3051 1077 3124 dis-

57 3190 226 3286 pescenda
264 3189 442 3278 suaderi,
491 3217 663 3278 mecum,
708 3189 804 3274 mihi
842 3191 1072 3292 persuadeo,

58 3327 197 3432 quisque
224 3327 425 3433 judicabit.
485 3447 488 3451 Ι

493 3570 533 3670 §-
576 3538 618 3673 7ss

127 3753 293 3830 Rachia
317 3755 448 3857 itaque
466 3754 611 3831 dicitur
629 3779 672 3830 ea
690 3754 943 3832 articulorum
958 3754 1078 3829 flora-

33 3888 125 3969 linm
146 3897 435 3983 concatenatio,
462 3896 532 3971 ubi
555 3921 737 3998 squamae
761 3882 916 3972 florales
941 3898 986 3970 ab
1013 3921 1077 3970 ar-

36 4035 130 4112 tout
156 4035 242 4114 basi
264 4038 391 4120 statim
412 4036 630 4114 solvuntur.
682 4038 754 4114 Illa
769 4039 907 4140 Spirae
927 4054 966 4112 et
983 4035 1079 4137 ejus⁴
